<?xml version="1.0" encoding="UTF-8"?>
<collections>
   <collection>
      <record>
         <datafield tag="024" ind1="7" ind2="">
            <subfield code="a">10.1088/0004-637X/741/2/91</subfield>
            <subfield code="2">DOI</subfield>
            <subfield code="8">IOP</subfield>
         </datafield>
         <datafield tag="970" ind1="" ind2="">
            <subfield code="a">2011ApJ...741...91C</subfield>
            <subfield code="8">ADS metadata</subfield>
         </datafield>
         <datafield tag="035" ind1="" ind2="">
            <subfield code="a">2011ApJ...741...91C</subfield>
            <subfield code="2">ADS bibcode</subfield>
            <subfield code="8">ADS metadata</subfield>
         </datafield>
         <datafield tag="100" ind1="" ind2="">
            <subfield code="a">Civano, F.</subfield>
            <subfield code="b">Civano, F</subfield>
            <subfield code="e">regular</subfield>
            <subfield code="u">Harvard Smithsonian Center for Astrophysics, 60 Garden Street, Cambridge, MA 02138, USA</subfield>
            <subfield code="8">IOP</subfield>
         </datafield>
         <datafield tag="700" ind1="" ind2="">
            <subfield code="a">Brusa, M.</subfield>
            <subfield code="b">Brusa, M</subfield>
            <subfield code="e">regular</subfield>
            <subfield code="u">Max Planck Institut für Extraterrestrische Physik Giessenbach strasse 1, D-85748 Garching, Germany</subfield>
            <subfield code="8">IOP</subfield>
         </datafield>
         <datafield tag="700" ind1="" ind2="">
            <subfield code="a">Comastri, A.</subfield>
            <subfield code="b">Comastri, A</subfield>
            <subfield code="e">regular</subfield>
            <subfield code="u">INAF-Osservatorio Astronomico di Bologna, via Ranzani 1, I-40127 Bologna, Italy</subfield>
            <subfield code="8">IOP</subfield>
         </datafield>
         <datafield tag="700" ind1="" ind2="">
            <subfield code="a">Elvis, M.</subfield>
            <subfield code="b">Elvis, M</subfield>
            <subfield code="e">regular</subfield>
            <subfield code="u">Harvard Smithsonian Center for Astrophysics, 60 Garden Street, Cambridge, MA 02138, USA</subfield>
            <subfield code="8">IOP</subfield>
         </datafield>
         <datafield tag="700" ind1="" ind2="">
            <subfield code="a">Salvato, M.</subfield>
            <subfield code="b">Salvato, M</subfield>
            <subfield code="e">regular</subfield>
            <subfield code="u">Max-Planck-Institute for Plasma Physics, Boltzmannstrass 2, Garching D-85748, Germany</subfield>
            <subfield code="8">IOP</subfield>
         </datafield>
         <datafield tag="700" ind1="" ind2="">
            <subfield code="a">Zamorani, G.</subfield>
            <subfield code="b">Zamorani, G</subfield>
            <subfield code="e">regular</subfield>
            <subfield code="u">INAF-Osservatorio Astronomico di Bologna, via Ranzani 1, I-40127 Bologna, Italy</subfield>
            <subfield code="8">IOP</subfield>
         </datafield>
         <datafield tag="700" ind1="" ind2="">
            <subfield code="a">Capak, P.</subfield>
            <subfield code="b">Capak, P</subfield>
            <subfield code="e">regular</subfield>
            <subfield code="u">California Institute of Technology, 1201 East California Boulevard, Pasadena, CA 91125, USA</subfield>
            <subfield code="8">IOP</subfield>
         </datafield>
         <datafield tag="700" ind1="" ind2="">
            <subfield code="a">Fiore, F.</subfield>
            <subfield code="b">Fiore, F</subfield>
            <subfield code="e">regular</subfield>
            <subfield code="u">INAF-Osservatorio Astronomico di Roma, via Frascati 33, Monteporzio-Catone (Roma) I-00040, Italy</subfield>
            <subfield code="8">IOP</subfield>
         </datafield>
         <datafield tag="700" ind1="" ind2="">
            <subfield code="a">Gilli, R.</subfield>
            <subfield code="b">Gilli, R</subfield>
            <subfield code="e">regular</subfield>
            <subfield code="u">INAF-Osservatorio Astronomico di Bologna, via Ranzani 1, I-40127 Bologna, Italy</subfield>
            <subfield code="8">IOP</subfield>
         </datafield>
         <datafield tag="700" ind1="" ind2="">
            <subfield code="a">Hao, H.</subfield>
            <subfield code="b">Hao, H</subfield>
            <subfield code="e">regular</subfield>
            <subfield code="u">Harvard Smithsonian Center for Astrophysics, 60 Garden Street, Cambridge, MA 02138, USA</subfield>
            <subfield code="8">IOP</subfield>
         </datafield>
         <datafield tag="700" ind1="" ind2="">
            <subfield code="a">Ikeda, H.</subfield>
            <subfield code="b">Ikeda, H</subfield>
            <subfield code="e">regular</subfield>
            <subfield code="u">Graduate School of Science and Engineering, Ehime University, 2-5 Bunkyo-cho, Matsuyama 790-8577, Japan</subfield>
            <subfield code="8">IOP</subfield>
         </datafield>
         <datafield tag="700" ind1="" ind2="">
            <subfield code="a">Kakazu, Y.</subfield>
            <subfield code="b">Kakazu, Y</subfield>
            <subfield code="e">regular</subfield>
            <subfield code="u">California Institute of Technology, 1201 East California Boulevard, Pasadena, CA 91125, USA</subfield>
            <subfield code="8">IOP</subfield>
         </datafield>
         <datafield tag="700" ind1="" ind2="">
            <subfield code="a">Kartaltepe, J. S.</subfield>
            <subfield code="b">Kartaltepe, J</subfield>
            <subfield code="e">regular</subfield>
            <subfield code="u">Institute for Astronomy, University of Hawaii, 2680 Woodlawn Drive, Honolulu, HI 96822, USA</subfield>
            <subfield code="8">IOP</subfield>
         </datafield>
         <datafield tag="700" ind1="" ind2="">
            <subfield code="a">Masters, D.</subfield>
            <subfield code="b">Masters, D</subfield>
            <subfield code="e">regular</subfield>
            <subfield code="u">California Institute of Technology, 1201 East California Boulevard, Pasadena, CA 91125, USA ; Department of Physics and Astronomy, University of California, 900 University Avenue, Riverside, CA 92521, USA</subfield>
            <subfield code="8">IOP</subfield>
         </datafield>
         <datafield tag="700" ind1="" ind2="">
            <subfield code="a">Miyaji, T.</subfield>
            <subfield code="b">Miyaji, T</subfield>
            <subfield code="e">regular</subfield>
            <subfield code="u">Instituto de Astronomia, Universidad Nacional Autonoma de Mexico-Ensenada, Km. 103 Carretera Tijuana-Ensenada, 22860 Ensenada, Mexico</subfield>
            <subfield code="8">IOP</subfield>
         </datafield>
         <datafield tag="700" ind1="" ind2="">
            <subfield code="a">Mignoli, M.</subfield>
            <subfield code="b">Mignoli, M</subfield>
            <subfield code="e">regular</subfield>
            <subfield code="u">INAF-Osservatorio Astronomico di Bologna, via Ranzani 1, I-40127 Bologna, Italy</subfield>
            <subfield code="8">IOP</subfield>
         </datafield>
         <datafield tag="700" ind1="" ind2="">
            <subfield code="a">Puccetti, S.</subfield>
            <subfield code="b">Puccetti, S</subfield>
            <subfield code="e">regular</subfield>
            <subfield code="u">ASI Science Data Center, via Galileo Galilei, 00044 Frascati, Italy</subfield>
            <subfield code="8">IOP</subfield>
         </datafield>
         <datafield tag="700" ind1="" ind2="">
            <subfield code="a">Shankar, F.</subfield>
            <subfield code="b">Shankar, F</subfield>
            <subfield code="e">regular</subfield>
            <subfield code="u">Max-Planck-Institut für Astrophysik, Karl-Schwarzschild-Str. 1, D-85748 Garching, Germany</subfield>
            <subfield code="8">IOP</subfield>
         </datafield>
         <datafield tag="700" ind1="" ind2="">
            <subfield code="a">Silverman, J.</subfield>
            <subfield code="b">Silverman, J</subfield>
            <subfield code="e">regular</subfield>
            <subfield code="u">Institute for the Physics and Mathematics of the Universe (IPMU), University of Tokyo, Kashiwanoha 5-1-5, Kashiwa, Chiba 277-8568, Japan</subfield>
            <subfield code="8">IOP</subfield>
         </datafield>
         <datafield tag="700" ind1="" ind2="">
            <subfield code="a">Vignali, C.</subfield>
            <subfield code="b">Vignali, C</subfield>
            <subfield code="e">regular</subfield>
            <subfield code="u">Dipartimento di Astronomia, Universitá di Bologna, via Ranzani 1, 40127 Bologna, Italy</subfield>
            <subfield code="8">IOP</subfield>
         </datafield>
         <datafield tag="700" ind1="" ind2="">
            <subfield code="a">Zezas, A.</subfield>
            <subfield code="b">Zezas, A</subfield>
            <subfield code="e">regular</subfield>
            <subfield code="u">Harvard Smithsonian Center for Astrophysics, 60 Garden Street, Cambridge, MA 02138, USA ; Physics Department, University of Crete, P.O. Box 2208, GR-710 03 Heraklion, Crete, Greece</subfield>
            <subfield code="8">IOP</subfield>
         </datafield>
         <datafield tag="700" ind1="" ind2="">
            <subfield code="a">Koekemoer, A. M.</subfield>
            <subfield code="b">Koekemoer, A</subfield>
            <subfield code="e">regular</subfield>
            <subfield code="u">Space Telescope Science Institute, 3700 San Martin Drive, Baltimore, MD 21218, USA</subfield>
            <subfield code="8">IOP</subfield>
         </datafield>
         <datafield tag="245" ind1="" ind2="">
            <subfield code="a">The Population of High-redshift Active Galactic Nuclei in the Chandra-COSMOS Survey</subfield>
            <subfield code="8">IOP</subfield>
         </datafield>
         <datafield tag="260" ind1="" ind2="">
            <subfield code="c">2011-11-00</subfield>
            <subfield code="t">date-published</subfield>
            <subfield code="8">IOP</subfield>
         </datafield>
         <datafield tag="520" ind1="" ind2="">
            <subfield code="a">We present the high-redshift (3 〈z 〈 5.3) 0.5-2 keV number counts and the 2-10 keV (rest-frame) space density of X-ray-selected active galactic nuclei (AGNs) detected in the Chandra Cosmic Evolution Survey. The sample comprises 81 X-ray-detected sources with available spectroscopic (31) and photometric (50) redshifts plus 20 sources with a formal z &lt;SUB&gt;phot&lt;/SUB&gt; 〈 3 but with a broad photometric redshift probability distribution, such that z &lt;SUB&gt;phot&lt;/SUB&gt; + 1σ 〉 3. Eighty-one sources are selected in the 0.5-2 keV band, fourteen are selected in the 2-10 keV and six in the 0.5-10 keV bands. We sample the high-luminosity (log L &lt;SUB&gt;(2-10 keV)&lt;/SUB&gt; 〉 44.15 erg s&lt;SUP&gt;-1&lt;/SUP&gt;) space density up to z ~ 5 and a fainter luminosity range (43.5 erg s&lt;SUP&gt;-1&lt;/SUP&gt; 〈 log L &lt;SUB&gt;(2-10 keV)&lt;/SUB&gt; 〈 44.15 erg s&lt;SUP&gt;-1&lt;/SUP&gt;) than previous studies, up to z = 3.5. We weighted the contribution to the number counts and the space density of the sources with photometric redshift by using their probability of being at z 〉 3. We find that the space density of high-luminosity AGNs declines exponentially at all the redshifts, confirming the trend observed for optically selected quasars. At lower luminosity, the measured space density is not conclusive, and a larger sample of faint sources is needed. Comparisons with optical luminosity functions and black hole formation models are presented together with prospects for future surveys.</subfield>
            <subfield code="y">en</subfield>
            <subfield code="8">IOP</subfield>
         </datafield>
         <datafield tag="695" ind1="" ind2="">
            <subfield code="a">evolution</subfield>
            <subfield code="b">evolution</subfield>
            <subfield code="9">Astronomy</subfield>
            <subfield code="8">IOP</subfield>
         </datafield>
         <datafield tag="695" ind1="" ind2="">
            <subfield code="a">galaxies: active</subfield>
            <subfield code="b">galaxies active</subfield>
            <subfield code="9">Astronomy</subfield>
            <subfield code="8">IOP</subfield>
         </datafield>
         <datafield tag="695" ind1="" ind2="">
            <subfield code="a">surveys</subfield>
            <subfield code="b">surveys</subfield>
            <subfield code="9">Astronomy</subfield>
            <subfield code="8">IOP</subfield>
         </datafield>
         <datafield tag="773" ind1="" ind2="">
            <subfield code="p">The Astrophysical Journal</subfield>
            <subfield code="v">741</subfield>
            <subfield code="n">2</subfield>
            <subfield code="c">91</subfield>
            <subfield code="y">2011</subfield>
            <subfield code="z">The Astrophysical Journal, Volume 741, Issue 2, article id. 91 (2011).</subfield>
            <subfield code="8">IOP</subfield>
         </datafield>
         <datafield tag="961" ind1="" ind2="">
            <subfield code="c">2011-11-07T22:58:13</subfield>
            <subfield code="x">2011-11-07T22:58:13</subfield>
            <subfield code="8">IOP</subfield>
         </datafield>
      </record>