
      <record>
         <datafield tag="970" ind1="" ind2="">
            <subfield code="a">2011ApJ...741...91C</subfield>
            <subfield code="8">ADS metadata</subfield>
         </datafield>
         <datafield tag="035" ind1="" ind2="">
            <subfield code="a">2011ApJ...741...91C</subfield>
            <subfield code="2">ADS bibcode</subfield>
            <subfield code="8">ADS metadata</subfield>
         </datafield>
         <datafield tag="100" ind1="" ind2="">
            <subfield code="a">Civano, F.</subfield>
            <subfield code="b">Civano, F</subfield>
            <subfield code="e">regular</subfield>
            <subfield code="8">SIMBAD</subfield>
         </datafield>
         <datafield tag="700" ind1="" ind2="">
            <subfield code="a">Brusa, M.</subfield>
            <subfield code="b">Brusa, M</subfield>
            <subfield code="e">regular</subfield>
            <subfield code="8">SIMBAD</subfield>
         </datafield>
         <datafield tag="700" ind1="" ind2="">
            <subfield code="a">Comastri, A.</subfield>
            <subfield code="b">Comastri, A</subfield>
            <subfield code="e">regular</subfield>
            <subfield code="8">SIMBAD</subfield>
         </datafield>
         <datafield tag="700" ind1="" ind2="">
            <subfield code="a">Elvis, M.</subfield>
            <subfield code="b">Elvis, M</subfield>
            <subfield code="e">regular</subfield>
            <subfield code="8">SIMBAD</subfield>
         </datafield>
         <datafield tag="700" ind1="" ind2="">
            <subfield code="a">Salvato, M.</subfield>
            <subfield code="b">Salvato, M</subfield>
            <subfield code="e">regular</subfield>
            <subfield code="8">SIMBAD</subfield>
         </datafield>
         <datafield tag="700" ind1="" ind2="">
            <subfield code="a">Zamorani, G.</subfield>
            <subfield code="b">Zamorani, G</subfield>
            <subfield code="e">regular</subfield>
            <subfield code="8">SIMBAD</subfield>
         </datafield>
         <datafield tag="700" ind1="" ind2="">
            <subfield code="a">Capak, P.</subfield>
            <subfield code="b">Capak, P</subfield>
            <subfield code="e">regular</subfield>
            <subfield code="8">SIMBAD</subfield>
         </datafield>
         <datafield tag="700" ind1="" ind2="">
            <subfield code="a">Fiore, F.</subfield>
            <subfield code="b">Fiore, F</subfield>
            <subfield code="e">regular</subfield>
            <subfield code="8">SIMBAD</subfield>
         </datafield>
         <datafield tag="700" ind1="" ind2="">
            <subfield code="a">Gilli, R.</subfield>
            <subfield code="b">Gilli, R</subfield>
            <subfield code="e">regular</subfield>
            <subfield code="8">SIMBAD</subfield>
         </datafield>
         <datafield tag="700" ind1="" ind2="">
            <subfield code="a">Hao, H.</subfield>
            <subfield code="b">Hao, H</subfield>
            <subfield code="e">regular</subfield>
            <subfield code="8">SIMBAD</subfield>
         </datafield>
         <datafield tag="700" ind1="" ind2="">
            <subfield code="a">Ikeda, H.</subfield>
            <subfield code="b">Ikeda, H</subfield>
            <subfield code="e">regular</subfield>
            <subfield code="8">SIMBAD</subfield>
         </datafield>
         <datafield tag="700" ind1="" ind2="">
            <subfield code="a">Kakazu, Y.</subfield>
            <subfield code="b">Kakazu, Y</subfield>
            <subfield code="e">regular</subfield>
            <subfield code="8">SIMBAD</subfield>
         </datafield>
         <datafield tag="700" ind1="" ind2="">
            <subfield code="a">Kartaltepe, J. S.</subfield>
            <subfield code="b">Kartaltepe, J</subfield>
            <subfield code="e">regular</subfield>
            <subfield code="8">SIMBAD</subfield>
         </datafield>
         <datafield tag="700" ind1="" ind2="">
            <subfield code="a">Masters, D.</subfield>
            <subfield code="b">Masters, D</subfield>
            <subfield code="e">regular</subfield>
            <subfield code="8">SIMBAD</subfield>
         </datafield>
         <datafield tag="700" ind1="" ind2="">
            <subfield code="a">Miyaji, T.</subfield>
            <subfield code="b">Miyaji, T</subfield>
            <subfield code="e">regular</subfield>
            <subfield code="8">SIMBAD</subfield>
         </datafield>
         <datafield tag="700" ind1="" ind2="">
            <subfield code="a">Mignoli, M.</subfield>
            <subfield code="b">Mignoli, M</subfield>
            <subfield code="e">regular</subfield>
            <subfield code="8">SIMBAD</subfield>
         </datafield>
         <datafield tag="700" ind1="" ind2="">
            <subfield code="a">Puccetti, S.</subfield>
            <subfield code="b">Puccetti, S</subfield>
            <subfield code="e">regular</subfield>
            <subfield code="8">SIMBAD</subfield>
         </datafield>
         <datafield tag="700" ind1="" ind2="">
            <subfield code="a">Shankar, F.</subfield>
            <subfield code="b">Shankar, F</subfield>
            <subfield code="e">regular</subfield>
            <subfield code="8">SIMBAD</subfield>
         </datafield>
         <datafield tag="700" ind1="" ind2="">
            <subfield code="a">Silverman, J.</subfield>
            <subfield code="b">Silverman, J</subfield>
            <subfield code="e">regular</subfield>
            <subfield code="8">SIMBAD</subfield>
         </datafield>
         <datafield tag="700" ind1="" ind2="">
            <subfield code="a">Vignali, C.</subfield>
            <subfield code="b">Vignali, C</subfield>
            <subfield code="e">regular</subfield>
            <subfield code="8">SIMBAD</subfield>
         </datafield>
         <datafield tag="700" ind1="" ind2="">
            <subfield code="a">Zezas, A.</subfield>
            <subfield code="b">Zezas, A</subfield>
            <subfield code="e">regular</subfield>
            <subfield code="8">SIMBAD</subfield>
         </datafield>
         <datafield tag="700" ind1="" ind2="">
            <subfield code="a">Koekemoer, A. M.</subfield>
            <subfield code="b">Koekemoer, A</subfield>
            <subfield code="e">regular</subfield>
            <subfield code="8">SIMBAD</subfield>
         </datafield>
         <datafield tag="245" ind1="" ind2="">
            <subfield code="a">The population of high-redshift active galactic nuclei in the  Chandra-COSMOS survey.</subfield>
            <subfield code="8">SIMBAD</subfield>
         </datafield>
         <datafield tag="260" ind1="" ind2="">
            <subfield code="c">2011-11-00</subfield>
            <subfield code="t">date-published</subfield>
            <subfield code="8">SIMBAD</subfield>
         </datafield>
         <datafield tag="773" ind1="" ind2="">
            <subfield code="p">Astrophys. J.</subfield>
            <subfield code="v">741</subfield>
            <subfield code="c">91</subfield>
            <subfield code="y">2011</subfield>
            <subfield code="z">Astrophys. J., 741, 91 (2011)</subfield>
            <subfield code="8">SIMBAD</subfield>
         </datafield>
         <datafield tag="961" ind1="" ind2="">
            <subfield code="c">2012-03-20T14:43:42</subfield>
            <subfield code="x">2012-03-20T14:43:42</subfield>
            <subfield code="8">SIMBAD</subfield>
         </datafield>
      </record>
      <record>
         <datafield tag="970" ind1="" ind2="">
            <subfield code="a">2011ApJ...741...91C</subfield>
            <subfield code="8">ADS metadata</subfield>
         </datafield>
         <datafield tag="035" ind1="" ind2="">
            <subfield code="a">2011ApJ...741...91C</subfield>
            <subfield code="2">ADS bibcode</subfield>
            <subfield code="8">ADS metadata</subfield>
         </datafield>
         <datafield tag="980" ind1="" ind2="">
            <subfield code="a">ASTRONOMY</subfield>
            <subfield code="8">ADS metadata</subfield>
         </datafield>
         <datafield tag="980" ind1="" ind2="">
            <subfield code="a">REFEREED</subfield>
            <subfield code="8">ADS metadata</subfield>
         </datafield>
         <datafield tag="980" ind1="" ind2="">
            <subfield code="a">ARTICLE</subfield>
            <subfield code="8">ADS metadata</subfield>
         </datafield>
         <datafield tag="995" ind1="" ind2="">
            <subfield code="a">{"abs":[{"p":"/proj/ads/abstracts/ast/text/J66/J66-87931.abs","t":"1320724693"},{"p":"/proj/ads/abstracts/ast/text/S66/S66-87931.abs","t":"1332269022"}],"links":{"data":[{"t":"Chandra Data Archive ObsIds 8549, 8009, 7995, 8483, 8010, 8004, 8493, 8482, 7996, 8027, 8494, 8555, 8014, 8496, 8478, 8003, 7998, 8503, 8015, 7997, 8006, 8000, 8550, 8022, 8020, 8021, 8001, 8008, 7999, 8123, 8005, 8122, 8025, 8026, 8018, 8002, 8553, 8011, 8023, 8124, 8007, 8019, 8024, 8497, 8016, 8013, 8012, 8017, 8552","u":"http://cda.harvard.edu/chaser/ocatList.do?obsid=8549,8009,7995,8483,8010,8004,8493,8482,7996,8027,8494,8555,8014,8496,8478,8003,7998,8503,8015,7997,8006,8000,8550,8022,8020,8021,8001,8008,7999,8123,8005,8122,8025,8026,8018,8002,8553,8011,8023,8124,8007,8019,8024,8497,8016,8013,8012,8017,8552"}],"electr":[{"u":"http://stacks.iop.org/0004-637X/741/91"}],"pdf":[{"u":"http://stacks.iop.org/0004-637X/741/91/pdf"}],"preprint":[{"u":"1103.2570"}],"simbad":[{"c":"104","u":"http://$SIMBAD$/simbo.pl?bibcode=2011ApJ...741...91C"}]},"prop":["bibgroup: CXC","bibgroup: CfA","refereed"],"refs":[{"p":"/proj/ads/references/resolved/ApJ/0741/iss2.iop.xml.result","t":1334610107}]}</subfield>
            <subfield code="8">ADS metadata</subfield>
         </datafield>
      </record>
      <record>
         <datafield tag="970" ind1="" ind2="">
            <subfield code="a">2011ApJ...741...91C</subfield>
            <subfield code="8">ADS metadata</subfield>
         </datafield>
         <datafield tag="035" ind1="" ind2="">
            <subfield code="a">2011ApJ...741...91C</subfield>
            <subfield code="2">ADS bibcode</subfield>
            <subfield code="8">ADS metadata</subfield>
         </datafield>
         <datafield tag="961" ind1="" ind2="">
            <subfield code="c">2012-04-16T17:01:47</subfield>
            <subfield code="x">2012-04-16T17:01:47</subfield>
            <subfield code="8">IOP;UCP</subfield>
         </datafield>
         <datafield tag="999" ind1="C" ind2="5">
            <subfield code="i">2010MNRAS.401.2531A</subfield>
            <subfield code="e">1</subfield>
            <subfield code="f">IOP;UCP</subfield>
            <subfield code="b">&lt;reference type="journal"&gt;&lt;ref_citation&gt;Aird, J., Nandra, K., __amp__amp; Laird, E. S. et al. 2010, MNRAS, 401, 2531&lt;/ref_citation&gt;&lt;ref_doi&gt;10.1111/j.1365-2966.2009.15829.x&lt;/ref_doi&gt;&lt;ref_authors&gt;Aird, J., Nandra, K., __amp__amp; Laird, E. S. et al.&lt;/ref_authors&gt;&lt;ref_journal&gt;MNRAS&lt;/ref_journal&gt;&lt;ref_issn&gt;0035-8711&lt;/ref_issn&gt;&lt;ref_volume&gt;401&lt;/ref_volume&gt;&lt;ref_year&gt;2010&lt;/ref_year&gt;&lt;ref_start_page&gt;2531&lt;/ref_start_page&gt;&lt;/reference&gt;</subfield>
            <subfield code="8">IOP;UCP</subfield>
         </datafield>
         <datafield tag="999" ind1="C" ind2="5">
            <subfield code="i">2011ApJ...736...99A</subfield>
            <subfield code="e">1</subfield>
            <subfield code="f">IOP;UCP</subfield>
            <subfield code="b">&lt;reference type="journal"&gt;&lt;ref_citation&gt;Allevato, V., Finoguenov, A., __amp__amp; Cappelluti, N. et al. 2011, ApJ, 736, 99&lt;/ref_citation&gt;&lt;ref_doi&gt;10.1088/0004-637X/736/2/99&lt;/ref_doi&gt;&lt;ref_authors&gt;Allevato, V., Finoguenov, A., __amp__amp; Cappelluti, N. et al.&lt;/ref_authors&gt;&lt;ref_journal&gt;ApJ&lt;/ref_journal&gt;&lt;ref_issn&gt;0004-637X&lt;/ref_issn&gt;&lt;ref_volume&gt;736&lt;/ref_volume&gt;&lt;ref_artnum&gt;99&lt;/ref_artnum&gt;&lt;ref_year&gt;2011&lt;/ref_year&gt;&lt;ref_start_page&gt;99&lt;/ref_start_page&gt;&lt;/reference&gt;</subfield>
            <subfield code="8">IOP;UCP</subfield>
         </datafield>
         <datafield tag="999" ind1="C" ind2="5">
            <subfield code="i">1996ASPC..101...17A</subfield>
            <subfield code="e">1</subfield>
            <subfield code="f">IOP;UCP</subfield>
            <subfield code="b">&lt;reference type="book"&gt;&lt;ref_citation&gt;Arnaud, K. A. 1996, Astronomical Data Analysis Software and Systems V (ASP Conf. Ser. 101), ed. G. H. Jacoby __amp__amp; J. Barnes (San Francisco, CA: ASP), 17&lt;/ref_citation&gt;&lt;ref_authors&gt;Arnaud, K. A.&lt;/ref_authors&gt;&lt;ref_journal&gt;Astronomical Data Analysis Software and Systems V&lt;/ref_journal&gt;&lt;ref_year&gt;1996&lt;/ref_year&gt;&lt;ref_start_page&gt;17&lt;/ref_start_page&gt;&lt;/reference&gt;</subfield>
            <subfield code="8">IOP;UCP</subfield>
         </datafield>
         <datafield tag="999" ind1="C" ind2="5">
            <subfield code="i">1980ApJ...235..694A</subfield>
            <subfield code="e">1</subfield>
            <subfield code="f">IOP;UCP</subfield>
            <subfield code="b">&lt;reference type="journal"&gt;&lt;ref_citation&gt;Avni, Y. __amp__amp; Bahcall, J. N. 1980, ApJ, 235, 694&lt;/ref_citation&gt;&lt;ref_doi&gt;10.1086/157673&lt;/ref_doi&gt;&lt;ref_authors&gt;Avni, Y. __amp__amp; Bahcall, J. N.&lt;/ref_authors&gt;&lt;ref_journal&gt;ApJ&lt;/ref_journal&gt;&lt;ref_volume&gt;235&lt;/ref_volume&gt;&lt;ref_year&gt;1980&lt;/ref_year&gt;&lt;ref_start_page&gt;694&lt;/ref_start_page&gt;&lt;/reference&gt;</subfield>
            <subfield code="8">IOP;UCP</subfield>
         </datafield>
         <datafield tag="999" ind1="C" ind2="5">
            <subfield code="i">2005AJ....129..578B</subfield>
            <subfield code="e">1</subfield>
            <subfield code="f">IOP;UCP</subfield>
            <subfield code="b">&lt;reference type="journal"&gt;&lt;ref_citation&gt;Barger, A. J., Cowie, L. L., __amp__amp; Mushotzky, R. F. et al. 2005, AJ, 129, 578&lt;/ref_citation&gt;&lt;ref_doi&gt;10.1086/426915&lt;/ref_doi&gt;&lt;ref_authors&gt;Barger, A. J., Cowie, L. L., __amp__amp; Mushotzky, R. F. et al.&lt;/ref_authors&gt;&lt;ref_journal&gt;AJ&lt;/ref_journal&gt;&lt;ref_issn&gt;1538-3881&lt;/ref_issn&gt;&lt;ref_volume&gt;129&lt;/ref_volume&gt;&lt;ref_artnum&gt;578&lt;/ref_artnum&gt;&lt;ref_year&gt;2005&lt;/ref_year&gt;&lt;ref_start_page&gt;578&lt;/ref_start_page&gt;&lt;/reference&gt;</subfield>
            <subfield code="8">IOP;UCP</subfield>
         </datafield>
         <datafield tag="999" ind1="C" ind2="5">
            <subfield code="i">2005ARA&amp;A..43..827B</subfield>
            <subfield code="e">1</subfield>
            <subfield code="f">IOP;UCP</subfield>
            <subfield code="b">&lt;reference type="journal"&gt;&lt;ref_citation&gt;Brandt, W. N. __amp__amp; Hasinger, G. 2005, ARA__amp__amp;A, 43, 827&lt;/ref_citation&gt;&lt;ref_doi&gt;10.1146/annurev.astro.43.051804.102213&lt;/ref_doi&gt;&lt;ref_authors&gt;Brandt, W. N. __amp__amp; Hasinger, G.&lt;/ref_authors&gt;&lt;ref_journal&gt;ARA__amp__amp;A&lt;/ref_journal&gt;&lt;ref_issn&gt;0066-4146&lt;/ref_issn&gt;&lt;ref_volume&gt;43&lt;/ref_volume&gt;&lt;ref_year&gt;2005&lt;/ref_year&gt;&lt;ref_start_page&gt;827&lt;/ref_start_page&gt;&lt;/reference&gt;</subfield>
            <subfield code="8">IOP;UCP</subfield>
         </datafield>
         <datafield tag="999" ind1="C" ind2="5">
            <subfield code="i">2010ApJ...716..348B</subfield>
            <subfield code="e">1</subfield>
            <subfield code="f">IOP;UCP</subfield>
            <subfield code="b">&lt;reference type="journal"&gt;&lt;ref_citation&gt;Brusa, M., Civano, F., __amp__amp; Comastri, A. et al. 2010, ApJ, 716, 348&lt;/ref_citation&gt;&lt;ref_doi&gt;10.1088/0004-637X/716/1/348&lt;/ref_doi&gt;&lt;ref_authors&gt;Brusa, M., Civano, F., __amp__amp; Comastri, A. et al.&lt;/ref_authors&gt;&lt;ref_journal&gt;ApJ&lt;/ref_journal&gt;&lt;ref_issn&gt;0004-637X&lt;/ref_issn&gt;&lt;ref_volume&gt;716&lt;/ref_volume&gt;&lt;ref_artnum&gt;348&lt;/ref_artnum&gt;&lt;ref_year&gt;2010&lt;/ref_year&gt;&lt;ref_start_page&gt;348&lt;/ref_start_page&gt;&lt;/reference&gt;</subfield>
            <subfield code="8">IOP;UCP</subfield>
         </datafield>
         <datafield tag="999" ind1="C" ind2="5">
            <subfield code="i">2009ApJ...693....8B</subfield>
            <subfield code="e">1</subfield>
            <subfield code="f">IOP;UCP</subfield>
            <subfield code="b">&lt;reference type="journal"&gt;&lt;ref_citation&gt;Brusa, M., Comastri, A., __amp__amp; Gilli, R. et al. 2009, ApJ, 693, 8&lt;/ref_citation&gt;&lt;ref_doi&gt;10.1088/0004-637X/693/1/8&lt;/ref_doi&gt;&lt;ref_authors&gt;Brusa, M., Comastri, A., __amp__amp; Gilli, R. et al.&lt;/ref_authors&gt;&lt;ref_journal&gt;ApJ&lt;/ref_journal&gt;&lt;ref_issn&gt;0004-637X&lt;/ref_issn&gt;&lt;ref_volume&gt;693&lt;/ref_volume&gt;&lt;ref_artnum&gt;8&lt;/ref_artnum&gt;&lt;ref_year&gt;2009&lt;/ref_year&gt;&lt;ref_start_page&gt;8&lt;/ref_start_page&gt;&lt;/reference&gt;</subfield>
            <subfield code="8">IOP;UCP</subfield>
         </datafield>
         <datafield tag="999" ind1="C" ind2="5">
            <subfield code="i">2011MSAIS..17..106B</subfield>
            <subfield code="e">1</subfield>
            <subfield code="f">IOP;UCP</subfield>
            <subfield code="b">&lt;reference type="journal"&gt;&lt;ref_citation&gt;Brusa, M., Gilli, R., __amp__amp; Civano, F. et al. 2011, Mem. Soc. Astron. Ital. Suppl., 17, 106&lt;/ref_citation&gt;&lt;ref_authors&gt;Brusa, M., Gilli, R., __amp__amp; Civano, F. et al.&lt;/ref_authors&gt;&lt;ref_journal&gt;Mem. Soc. Astron. Ital. Suppl.&lt;/ref_journal&gt;&lt;ref_issn&gt;0037-8720&lt;/ref_issn&gt;&lt;ref_volume&gt;17&lt;/ref_volume&gt;&lt;ref_year&gt;2011&lt;/ref_year&gt;&lt;ref_start_page&gt;106&lt;/ref_start_page&gt;&lt;/reference&gt;</subfield>
            <subfield code="8">IOP;UCP</subfield>
         </datafield>
         <datafield tag="999" ind1="C" ind2="5">
            <subfield code="i">2011Natur.470..233C</subfield>
            <subfield code="e">1</subfield>
            <subfield code="f">IOP;UCP</subfield>
            <subfield code="b">&lt;reference type="journal"&gt;&lt;ref_citation&gt;Capak, P. L., Riechers, D., __amp__amp; Scoville, N. Z. et al. 2011, Nature, 470, 233&lt;/ref_citation&gt;&lt;ref_doi&gt;10.1038/nature09681&lt;/ref_doi&gt;&lt;ref_authors&gt;Capak, P. L., Riechers, D., __amp__amp; Scoville, N. Z. et al.&lt;/ref_authors&gt;&lt;ref_journal&gt;Nature&lt;/ref_journal&gt;&lt;ref_volume&gt;470&lt;/ref_volume&gt;&lt;ref_year&gt;2011&lt;/ref_year&gt;&lt;ref_start_page&gt;233&lt;/ref_start_page&gt;&lt;/reference&gt;</subfield>
            <subfield code="8">IOP;UCP</subfield>
         </datafield>
         <datafield tag="999" ind1="C" ind2="5">
            <subfield code="i">2011A&amp;A...525A.143C</subfield>
            <subfield code="e">1</subfield>
            <subfield code="f">IOP;UCP</subfield>
            <subfield code="b">&lt;reference type="journal"&gt;&lt;ref_citation&gt;Cassata, P., Le F__amp__#232;vre, O., __amp__amp; Garilli, B. et al. 2011, A__amp__amp;A, 525, A143&lt;/ref_citation&gt;&lt;ref_doi&gt;10.1051/0004-6361/201014410&lt;/ref_doi&gt;&lt;ref_authors&gt;Cassata, P., Le F__amp__#232;vre, O., __amp__amp; Garilli, B. et al.&lt;/ref_authors&gt;&lt;ref_journal&gt;A__amp__amp;A&lt;/ref_journal&gt;&lt;ref_issn&gt;0004-6361&lt;/ref_issn&gt;&lt;ref_volume&gt;525&lt;/ref_volume&gt;&lt;ref_year&gt;2011&lt;/ref_year&gt;&lt;ref_start_page&gt;A143&lt;/ref_start_page&gt;&lt;/reference&gt;</subfield>
            <subfield code="8">IOP;UCP</subfield>
         </datafield>
         <datafield tag="999" ind1="C" ind2="5">
            <subfield code="i">2011A&amp;A...526L...9C</subfield>
            <subfield code="e">1</subfield>
            <subfield code="f">IOP;UCP</subfield>
            <subfield code="b">&lt;reference type="journal"&gt;&lt;ref_citation&gt;Comastri, A., Ranalli, P., __amp__amp; Iwasawa, K. et al. 2011, A__amp__amp;A, 526, L9&lt;/ref_citation&gt;&lt;ref_doi&gt;10.1051/0004-6361/201016119&lt;/ref_doi&gt;&lt;ref_authors&gt;Comastri, A., Ranalli, P., __amp__amp; Iwasawa, K. et al.&lt;/ref_authors&gt;&lt;ref_journal&gt;A__amp__amp;A&lt;/ref_journal&gt;&lt;ref_issn&gt;0004-6361&lt;/ref_issn&gt;&lt;ref_volume&gt;526&lt;/ref_volume&gt;&lt;ref_year&gt;2011&lt;/ref_year&gt;&lt;ref_start_page&gt;L9&lt;/ref_start_page&gt;&lt;/reference&gt;</subfield>
            <subfield code="8">IOP;UCP</subfield>
         </datafield>
         <datafield tag="999" ind1="C" ind2="5">
            <subfield code="i">2006MNRAS.365...11C</subfield>
            <subfield code="e">1</subfield>
            <subfield code="f">IOP;UCP</subfield>
            <subfield code="b">&lt;reference type="journal"&gt;&lt;ref_citation&gt;Croton, D. J., Springel, V., __amp__amp; White, S. D. M. et al. 2006, MNRAS, 365, 11&lt;/ref_citation&gt;&lt;ref_doi&gt;10.1111/j.1365-2966.2005.09675.x&lt;/ref_doi&gt;&lt;ref_authors&gt;Croton, D. J., Springel, V., __amp__amp; White, S. D. M. et al.&lt;/ref_authors&gt;&lt;ref_journal&gt;MNRAS&lt;/ref_journal&gt;&lt;ref_issn&gt;0035-8711&lt;/ref_issn&gt;&lt;ref_volume&gt;365&lt;/ref_volume&gt;&lt;ref_year&gt;2006&lt;/ref_year&gt;&lt;ref_start_page&gt;11&lt;/ref_start_page&gt;&lt;/reference&gt;</subfield>
            <subfield code="8">IOP;UCP</subfield>
         </datafield>
         <datafield tag="999" ind1="C" ind2="5">
            <subfield code="i">2009A&amp;A...493...55E</subfield>
            <subfield code="e">1</subfield>
            <subfield code="f">IOP;UCP</subfield>
            <subfield code="b">&lt;reference type="journal"&gt;&lt;ref_citation&gt;Ebrero, J., Carrera, F. J., __amp__amp; Page, M. J. et al. 2009, A__amp__amp;A, 493, 55&lt;/ref_citation&gt;&lt;ref_doi&gt;10.1051/0004-6361:200810919&lt;/ref_doi&gt;&lt;ref_authors&gt;Ebrero, J., Carrera, F. J., __amp__amp; Page, M. J. et al.&lt;/ref_authors&gt;&lt;ref_journal&gt;A__amp__amp;A&lt;/ref_journal&gt;&lt;ref_issn&gt;0004-6361&lt;/ref_issn&gt;&lt;ref_volume&gt;493&lt;/ref_volume&gt;&lt;ref_year&gt;2009&lt;/ref_year&gt;&lt;ref_start_page&gt;55&lt;/ref_start_page&gt;&lt;/reference&gt;</subfield>
            <subfield code="8">IOP;UCP</subfield>
         </datafield>
         <datafield tag="999" ind1="C" ind2="5">
            <subfield code="i">2009ApJS..184..158E</subfield>
            <subfield code="e">1</subfield>
            <subfield code="f">IOP;UCP</subfield>
            <subfield code="b">&lt;reference type="journal"&gt;&lt;ref_citation&gt;Elvis, M., Civano, F., __amp__amp; Vignali, C. et al. 2009, ApJS, 184, 158&lt;/ref_citation&gt;&lt;ref_doi&gt;10.1088/0067-0049/184/1/158&lt;/ref_doi&gt;&lt;ref_authors&gt;Elvis, M., Civano, F., __amp__amp; Vignali, C. et al.&lt;/ref_authors&gt;&lt;ref_journal&gt;ApJS&lt;/ref_journal&gt;&lt;ref_issn&gt;0067-0049&lt;/ref_issn&gt;&lt;ref_volume&gt;184&lt;/ref_volume&gt;&lt;ref_artnum&gt;158&lt;/ref_artnum&gt;&lt;ref_year&gt;2009&lt;/ref_year&gt;&lt;ref_start_page&gt;158&lt;/ref_start_page&gt;&lt;/reference&gt;</subfield>
            <subfield code="8">IOP;UCP</subfield>
         </datafield>
         <datafield tag="999" ind1="C" ind2="5">
            <subfield code="i">2001AJ....122.2833F</subfield>
            <subfield code="e">1</subfield>
            <subfield code="f">IOP;UCP</subfield>
            <subfield code="b">&lt;reference type="journal"&gt;&lt;ref_citation&gt;Fan, X., Narayanan, V. K., __amp__amp; Lupton, R. H. et al. 2001, AJ, 122, 2833&lt;/ref_citation&gt;&lt;ref_doi&gt;10.1086/324111&lt;/ref_doi&gt;&lt;ref_authors&gt;Fan, X., Narayanan, V. K., __amp__amp; Lupton, R. H. et al.&lt;/ref_authors&gt;&lt;ref_journal&gt;AJ&lt;/ref_journal&gt;&lt;ref_issn&gt;1538-3881&lt;/ref_issn&gt;&lt;ref_volume&gt;122&lt;/ref_volume&gt;&lt;ref_artnum&gt;2833&lt;/ref_artnum&gt;&lt;ref_year&gt;2001&lt;/ref_year&gt;&lt;ref_start_page&gt;2833&lt;/ref_start_page&gt;&lt;/reference&gt;</subfield>
            <subfield code="8">IOP;UCP</subfield>
         </datafield>
         <datafield tag="999" ind1="C" ind2="5">
            <subfield code="i">2010AIPC.1248..373F</subfield>
            <subfield code="e">1</subfield>
            <subfield code="f">IOP;UCP</subfield>
            <subfield code="b">&lt;reference type="book"&gt;&lt;ref_citation&gt;Fiore, F. 2010, X-Ray Astronomy 2009: Present Status, Multi-wavelength Approach and Future Perspectives (AIP Conf. Proc. 1248), ed. A. Comastri, L. Angelini, __amp__amp; M. Cappi (Melville, NY: AIP), 373&lt;/ref_citation&gt;&lt;ref_doi&gt;10.1063/1.3475261&lt;/ref_doi&gt;&lt;ref_authors&gt;Fiore, F.&lt;/ref_authors&gt;&lt;ref_journal&gt;X-Ray Astronomy 2009: Present Status, Multi-wavelength Approach and Future Perspectives&lt;/ref_journal&gt;&lt;ref_issn&gt;0094-243X&lt;/ref_issn&gt;&lt;ref_year&gt;2010&lt;/ref_year&gt;&lt;ref_start_page&gt;373&lt;/ref_start_page&gt;&lt;/reference&gt;</subfield>
            <subfield code="8">IOP;UCP</subfield>
         </datafield>
         <datafield tag="999" ind1="C" ind2="5">
            <subfield code="i">2007A&amp;A...461...39F</subfield>
            <subfield code="e">1</subfield>
            <subfield code="f">IOP;UCP</subfield>
            <subfield code="b">&lt;reference type="journal"&gt;&lt;ref_citation&gt;Fontanot, F., Cristiani, S., __amp__amp; Monaco, P. et al. 2007, A__amp__amp;A, 461, 39&lt;/ref_citation&gt;&lt;ref_doi&gt;10.1051/0004-6361:20066073&lt;/ref_doi&gt;&lt;ref_authors&gt;Fontanot, F., Cristiani, S., __amp__amp; Monaco, P. et al.&lt;/ref_authors&gt;&lt;ref_journal&gt;A__amp__amp;A&lt;/ref_journal&gt;&lt;ref_issn&gt;0004-6361&lt;/ref_issn&gt;&lt;ref_volume&gt;461&lt;/ref_volume&gt;&lt;ref_year&gt;2007&lt;/ref_year&gt;&lt;ref_start_page&gt;39&lt;/ref_start_page&gt;&lt;/reference&gt;</subfield>
            <subfield code="8">IOP;UCP</subfield>
         </datafield>
         <datafield tag="999" ind1="C" ind2="5">
            <subfield code="i">2010A&amp;A...523A..85G</subfield>
            <subfield code="e">1</subfield>
            <subfield code="f">IOP;UCP</subfield>
            <subfield code="b">&lt;reference type="journal"&gt;&lt;ref_citation&gt;Gallerani, S., Maiolino, R., __amp__amp; Juarez, Y. et al. 2010, A__amp__amp;A, 523, A85&lt;/ref_citation&gt;&lt;ref_doi&gt;10.1051/0004-6361/201014721&lt;/ref_doi&gt;&lt;ref_authors&gt;Gallerani, S., Maiolino, R., __amp__amp; Juarez, Y. et al.&lt;/ref_authors&gt;&lt;ref_journal&gt;A__amp__amp;A&lt;/ref_journal&gt;&lt;ref_issn&gt;0004-6361&lt;/ref_issn&gt;&lt;ref_volume&gt;523&lt;/ref_volume&gt;&lt;ref_year&gt;2010&lt;/ref_year&gt;&lt;ref_start_page&gt;A85&lt;/ref_start_page&gt;&lt;/reference&gt;</subfield>
            <subfield code="8">IOP;UCP</subfield>
         </datafield>
         <datafield tag="999" ind1="C" ind2="5">
            <subfield code="i">2007A&amp;A...463...79G</subfield>
            <subfield code="e">1</subfield>
            <subfield code="f">IOP;UCP</subfield>
            <subfield code="b">&lt;reference type="journal"&gt;&lt;ref_citation&gt;Gilli, R., Comastri, A., __amp__amp; Hasinger, G. 2007, A__amp__amp;A, 463, 79&lt;/ref_citation&gt;&lt;ref_doi&gt;10.1051/0004-6361:20066334&lt;/ref_doi&gt;&lt;ref_authors&gt;Gilli, R., Comastri, A., __amp__amp; Hasinger, G.&lt;/ref_authors&gt;&lt;ref_journal&gt;A__amp__amp;A&lt;/ref_journal&gt;&lt;ref_issn&gt;0004-6361&lt;/ref_issn&gt;&lt;ref_volume&gt;463&lt;/ref_volume&gt;&lt;ref_year&gt;2007&lt;/ref_year&gt;&lt;ref_start_page&gt;79&lt;/ref_start_page&gt;&lt;/reference&gt;</subfield>
            <subfield code="8">IOP;UCP</subfield>
         </datafield>
         <datafield tag="999" ind1="C" ind2="5">
            <subfield code="i">2011ApJ...730L..28G</subfield>
            <subfield code="e">1</subfield>
            <subfield code="f">IOP;UCP</subfield>
            <subfield code="b">&lt;reference type="journal"&gt;&lt;ref_citation&gt;Gilli, R., Su, J., __amp__amp; Norman, C. et al. 2011a, ApJ, 730, L28&lt;/ref_citation&gt;&lt;ref_doi&gt;10.1088/2041-8205/730/2/L28&lt;/ref_doi&gt;&lt;ref_authors&gt;Gilli, R., Su, J., __amp__amp; Norman, C. et al.&lt;/ref_authors&gt;&lt;ref_journal&gt;ApJ&lt;/ref_journal&gt;&lt;ref_issn&gt;2041-8205&lt;/ref_issn&gt;&lt;ref_volume&gt;730&lt;/ref_volume&gt;&lt;ref_artnum&gt;L28&lt;/ref_artnum&gt;&lt;ref_year&gt;2011&lt;/ref_year&gt;&lt;ref_start_page&gt;L28&lt;/ref_start_page&gt;&lt;/reference&gt;</subfield>
            <subfield code="8">IOP;UCP</subfield>
         </datafield>
         <datafield tag="999" ind1="C" ind2="5">
            <subfield code="i">2011MSAIS..17...85G</subfield>
            <subfield code="e">1</subfield>
            <subfield code="f">IOP;UCP</subfield>
            <subfield code="b">&lt;reference type="journal"&gt;&lt;ref_citation&gt;Gilli, R., Tozzi, P., __amp__amp; Rosati, P. et al. 2011b, Mem. Soc. Astron. Ital. Suppl., 17, 85&lt;/ref_citation&gt;&lt;ref_authors&gt;Gilli, R., Tozzi, P., __amp__amp; Rosati, P. et al.&lt;/ref_authors&gt;&lt;ref_journal&gt;Mem. Soc. Astron. Ital. Suppl.&lt;/ref_journal&gt;&lt;ref_issn&gt;0037-8720&lt;/ref_issn&gt;&lt;ref_volume&gt;17&lt;/ref_volume&gt;&lt;ref_year&gt;2011&lt;/ref_year&gt;&lt;ref_start_page&gt;85&lt;/ref_start_page&gt;&lt;/reference&gt;</subfield>
            <subfield code="8">IOP;UCP</subfield>
         </datafield>
         <datafield tag="999" ind1="C" ind2="5">
            <subfield code="i">2010ApJ...710.1498G</subfield>
            <subfield code="e">1</subfield>
            <subfield code="f">IOP;UCP</subfield>
            <subfield code="b">&lt;reference type="journal"&gt;&lt;ref_citation&gt;Glikman, E., Bogosavljevi__amp__#x107;, M., __amp__amp; Djorgovski, S. G. et al. 2010, ApJ, 710, 1498&lt;/ref_citation&gt;&lt;ref_doi&gt;10.1088/0004-637X/710/2/1498&lt;/ref_doi&gt;&lt;ref_authors&gt;Glikman, E., Bogosavljevi__amp__#x107;, M., __amp__amp; Djorgovski, S. G. et al.&lt;/ref_authors&gt;&lt;ref_journal&gt;ApJ&lt;/ref_journal&gt;&lt;ref_issn&gt;0004-637X&lt;/ref_issn&gt;&lt;ref_volume&gt;710&lt;/ref_volume&gt;&lt;ref_artnum&gt;1498&lt;/ref_artnum&gt;&lt;ref_year&gt;2010&lt;/ref_year&gt;&lt;ref_start_page&gt;1498&lt;/ref_start_page&gt;&lt;/reference&gt;</subfield>
            <subfield code="8">IOP;UCP</subfield>
         </datafield>
         <datafield tag="999" ind1="C" ind2="5">
            <subfield code="i">2011ApJ...728L..26G</subfield>
            <subfield code="e">1</subfield>
            <subfield code="f">IOP;UCP</subfield>
            <subfield code="b">&lt;reference type="journal"&gt;&lt;ref_citation&gt;Glikman, E., Djorgovski, S. G., __amp__amp; Stern, D. et al. 2011, ApJ, 728, L26&lt;/ref_citation&gt;&lt;ref_doi&gt;10.1088/2041-8205/728/2/L26&lt;/ref_doi&gt;&lt;ref_authors&gt;Glikman, E., Djorgovski, S. G., __amp__amp; Stern, D. et al.&lt;/ref_authors&gt;&lt;ref_journal&gt;ApJ&lt;/ref_journal&gt;&lt;ref_issn&gt;2041-8205&lt;/ref_issn&gt;&lt;ref_volume&gt;728&lt;/ref_volume&gt;&lt;ref_artnum&gt;L26&lt;/ref_artnum&gt;&lt;ref_year&gt;2011&lt;/ref_year&gt;&lt;ref_start_page&gt;L26&lt;/ref_start_page&gt;&lt;/reference&gt;</subfield>
            <subfield code="8">IOP;UCP</subfield>
         </datafield>
         <datafield tag="999" ind1="C" ind2="5">
            <subfield code="i">2004ApJ...600..580G</subfield>
            <subfield code="e">1</subfield>
            <subfield code="f">IOP;UCP</subfield>
            <subfield code="b">&lt;reference type="journal"&gt;&lt;ref_citation&gt;Granato, G. L., De Zotti, G., Silva, L., Bressan, A., __amp__amp; Danese, L. 2004, ApJ, 600, 580&lt;/ref_citation&gt;&lt;ref_doi&gt;10.1086/379875&lt;/ref_doi&gt;&lt;ref_authors&gt;Granato, G. L., De Zotti, G., Silva, L., Bressan, A., __amp__amp; Danese, L.&lt;/ref_authors&gt;&lt;ref_journal&gt;ApJ&lt;/ref_journal&gt;&lt;ref_issn&gt;0004-637X&lt;/ref_issn&gt;&lt;ref_volume&gt;600&lt;/ref_volume&gt;&lt;ref_artnum&gt;580&lt;/ref_artnum&gt;&lt;ref_year&gt;2004&lt;/ref_year&gt;&lt;ref_start_page&gt;580&lt;/ref_start_page&gt;&lt;/reference&gt;</subfield>
            <subfield code="8">IOP;UCP</subfield>
         </datafield>
         <datafield tag="999" ind1="C" ind2="5">
            <subfield code="i">2001MNRAS.324..757G</subfield>
            <subfield code="e">1</subfield>
            <subfield code="f">IOP;UCP</subfield>
            <subfield code="b">&lt;reference type="journal"&gt;&lt;ref_citation&gt;Granato, G. L., Silva, L., __amp__amp; Monaco, P. et al. 2001, MNRAS, 324, 757&lt;/ref_citation&gt;&lt;ref_doi&gt;10.1046/j.1365-8711.2001.04369.x&lt;/ref_doi&gt;&lt;ref_authors&gt;Granato, G. L., Silva, L., __amp__amp; Monaco, P. et al.&lt;/ref_authors&gt;&lt;ref_journal&gt;MNRAS&lt;/ref_journal&gt;&lt;ref_issn&gt;0035-8711&lt;/ref_issn&gt;&lt;ref_volume&gt;324&lt;/ref_volume&gt;&lt;ref_year&gt;2001&lt;/ref_year&gt;&lt;ref_start_page&gt;757&lt;/ref_start_page&gt;&lt;/reference&gt;</subfield>
            <subfield code="8">IOP;UCP</subfield>
         </datafield>
         <datafield tag="999" ind1="C" ind2="5">
            <subfield code="i">2005A&amp;A...441..417H</subfield>
            <subfield code="e">1</subfield>
            <subfield code="f">IOP;UCP</subfield>
            <subfield code="b">&lt;reference type="journal"&gt;&lt;ref_citation&gt;Hasinger, G., Miyaji, T., __amp__amp; Schmidt, M. 2005, A__amp__amp;A, 441, 417&lt;/ref_citation&gt;&lt;ref_doi&gt;10.1051/0004-6361:20042134&lt;/ref_doi&gt;&lt;ref_authors&gt;Hasinger, G., Miyaji, T., __amp__amp; Schmidt, M.&lt;/ref_authors&gt;&lt;ref_journal&gt;A__amp__amp;A&lt;/ref_journal&gt;&lt;ref_issn&gt;0004-6361&lt;/ref_issn&gt;&lt;ref_volume&gt;441&lt;/ref_volume&gt;&lt;ref_year&gt;2005&lt;/ref_year&gt;&lt;ref_start_page&gt;417&lt;/ref_start_page&gt;&lt;/reference&gt;</subfield>
            <subfield code="8">IOP;UCP</subfield>
         </datafield>
         <datafield tag="999" ind1="C" ind2="5">
            <subfield code="i">2008A&amp;A...490..905H</subfield>
            <subfield code="e">1</subfield>
            <subfield code="f">IOP;UCP</subfield>
            <subfield code="b">&lt;reference type="journal"&gt;&lt;ref_citation&gt;Hasinger, G. 2008, A__amp__amp;A, 490, 905&lt;/ref_citation&gt;&lt;ref_doi&gt;10.1051/0004-6361:200809839&lt;/ref_doi&gt;&lt;ref_authors&gt;Hasinger, G.&lt;/ref_authors&gt;&lt;ref_journal&gt;A__amp__amp;A&lt;/ref_journal&gt;&lt;ref_issn&gt;0004-6361&lt;/ref_issn&gt;&lt;ref_volume&gt;490&lt;/ref_volume&gt;&lt;ref_year&gt;2008&lt;/ref_year&gt;&lt;ref_start_page&gt;905&lt;/ref_start_page&gt;&lt;/reference&gt;</subfield>
            <subfield code="8">IOP;UCP</subfield>
         </datafield>
         <datafield tag="999" ind1="C" ind2="5">
            <subfield code="i">2006ApJS..163....1H</subfield>
            <subfield code="e">1</subfield>
            <subfield code="f">IOP;UCP</subfield>
            <subfield code="b">&lt;reference type="journal"&gt;&lt;ref_citation&gt;Hopkins, P. F., Hernquist, L., __amp__amp; Cox, T. J. et al. 2006, ApJS, 163, 1&lt;/ref_citation&gt;&lt;ref_doi&gt;10.1086/499298&lt;/ref_doi&gt;&lt;ref_authors&gt;Hopkins, P. F., Hernquist, L., __amp__amp; Cox, T. J. et al.&lt;/ref_authors&gt;&lt;ref_journal&gt;ApJS&lt;/ref_journal&gt;&lt;ref_issn&gt;0067-0049&lt;/ref_issn&gt;&lt;ref_volume&gt;163&lt;/ref_volume&gt;&lt;ref_artnum&gt;1&lt;/ref_artnum&gt;&lt;ref_year&gt;2006&lt;/ref_year&gt;&lt;ref_start_page&gt;1&lt;/ref_start_page&gt;&lt;/reference&gt;</subfield>
            <subfield code="8">IOP;UCP</subfield>
         </datafield>
         <datafield tag="999" ind1="C" ind2="5">
            <subfield code="i">2011ApJ...728L..25I</subfield>
            <subfield code="e">1</subfield>
            <subfield code="f">IOP;UCP</subfield>
            <subfield code="b">&lt;reference type="journal"&gt;&lt;ref_citation&gt;Ikeda, H., Nagao, T., __amp__amp; Matsuoka, K. et al. 2011, ApJ, 728, L25&lt;/ref_citation&gt;&lt;ref_doi&gt;10.1088/2041-8205/728/2/L25&lt;/ref_doi&gt;&lt;ref_authors&gt;Ikeda, H., Nagao, T., __amp__amp; Matsuoka, K. et al.&lt;/ref_authors&gt;&lt;ref_journal&gt;ApJ&lt;/ref_journal&gt;&lt;ref_issn&gt;2041-8205&lt;/ref_issn&gt;&lt;ref_volume&gt;728&lt;/ref_volume&gt;&lt;ref_artnum&gt;L25&lt;/ref_artnum&gt;&lt;ref_year&gt;2011&lt;/ref_year&gt;&lt;ref_start_page&gt;L25&lt;/ref_start_page&gt;&lt;/reference&gt;</subfield>
            <subfield code="8">IOP;UCP</subfield>
         </datafield>
         <datafield tag="999" ind1="C" ind2="5">
            <subfield code="i">2006AJ....132.2127J</subfield>
            <subfield code="e">1</subfield>
            <subfield code="f">IOP;UCP</subfield>
            <subfield code="b">&lt;reference type="journal"&gt;&lt;ref_citation&gt;Jiang, L., Fan, X., __amp__amp; Hines, D. C. et al. 2006, AJ, 132, 2127&lt;/ref_citation&gt;&lt;ref_doi&gt;10.1086/508209&lt;/ref_doi&gt;&lt;ref_authors&gt;Jiang, L., Fan, X., __amp__amp; Hines, D. C. et al.&lt;/ref_authors&gt;&lt;ref_journal&gt;AJ&lt;/ref_journal&gt;&lt;ref_issn&gt;1538-3881&lt;/ref_issn&gt;&lt;ref_volume&gt;132&lt;/ref_volume&gt;&lt;ref_artnum&gt;2127&lt;/ref_artnum&gt;&lt;ref_year&gt;2006&lt;/ref_year&gt;&lt;ref_start_page&gt;2127&lt;/ref_start_page&gt;&lt;/reference&gt;</subfield>
            <subfield code="8">IOP;UCP</subfield>
         </datafield>
         <datafield tag="999" ind1="C" ind2="5">
            <subfield code="i">2004ApJ...600L.123K</subfield>
            <subfield code="e">1</subfield>
            <subfield code="f">IOP;UCP</subfield>
            <subfield code="b">&lt;reference type="journal"&gt;&lt;ref_citation&gt;Koekemoer, A. M., Alexander, D. M., __amp__amp; Bauer, F. E. et al. 2004, ApJ, 600, L123&lt;/ref_citation&gt;&lt;ref_doi&gt;10.1086/378181&lt;/ref_doi&gt;&lt;ref_authors&gt;Koekemoer, A. M., Alexander, D. M., __amp__amp; Bauer, F. E. et al.&lt;/ref_authors&gt;&lt;ref_journal&gt;ApJ&lt;/ref_journal&gt;&lt;ref_issn&gt;1538-4357&lt;/ref_issn&gt;&lt;ref_volume&gt;600&lt;/ref_volume&gt;&lt;ref_artnum&gt;L123&lt;/ref_artnum&gt;&lt;ref_year&gt;2004&lt;/ref_year&gt;&lt;ref_start_page&gt;L123&lt;/ref_start_page&gt;&lt;/reference&gt;</subfield>
            <subfield code="8">IOP;UCP</subfield>
         </datafield>
         <datafield tag="999" ind1="C" ind2="5">
            <subfield code="i">2006ApJ...650...42L</subfield>
            <subfield code="e">1</subfield>
            <subfield code="f">IOP;UCP</subfield>
            <subfield code="b">&lt;reference type="journal"&gt;&lt;ref_citation&gt;Lapi, A., Shankar, F., __amp__amp; Mao, J. et al. 2006, ApJ, 650, 42&lt;/ref_citation&gt;&lt;ref_doi&gt;10.1086/507122&lt;/ref_doi&gt;&lt;ref_authors&gt;Lapi, A., Shankar, F., __amp__amp; Mao, J. et al.&lt;/ref_authors&gt;&lt;ref_journal&gt;ApJ&lt;/ref_journal&gt;&lt;ref_issn&gt;0004-637X&lt;/ref_issn&gt;&lt;ref_volume&gt;650&lt;/ref_volume&gt;&lt;ref_artnum&gt;42&lt;/ref_artnum&gt;&lt;ref_year&gt;2006&lt;/ref_year&gt;&lt;ref_start_page&gt;42&lt;/ref_start_page&gt;&lt;/reference&gt;</subfield>
            <subfield code="8">IOP;UCP</subfield>
         </datafield>
         <datafield tag="999" ind1="C" ind2="5">
            <subfield code="i">2009ApJS..184..218L</subfield>
            <subfield code="e">1</subfield>
            <subfield code="f">IOP;UCP</subfield>
            <subfield code="b">&lt;reference type="journal"&gt;&lt;ref_citation&gt;Lilly, S. J., Le Brun, V., __amp__amp; Maier, C. et al. 2009, ApJS, 184, 218&lt;/ref_citation&gt;&lt;ref_doi&gt;10.1088/0067-0049/184/2/218&lt;/ref_doi&gt;&lt;ref_authors&gt;Lilly, S. J., Le Brun, V., __amp__amp; Maier, C. et al.&lt;/ref_authors&gt;&lt;ref_journal&gt;ApJS&lt;/ref_journal&gt;&lt;ref_issn&gt;0067-0049&lt;/ref_issn&gt;&lt;ref_volume&gt;184&lt;/ref_volume&gt;&lt;ref_artnum&gt;218&lt;/ref_artnum&gt;&lt;ref_year&gt;2009&lt;/ref_year&gt;&lt;ref_start_page&gt;218&lt;/ref_start_page&gt;&lt;/reference&gt;</subfield>
            <subfield code="8">IOP;UCP</subfield>
         </datafield>
         <datafield tag="999" ind1="C" ind2="5">
            <subfield code="i">2007ApJS..172...70L</subfield>
            <subfield code="e">1</subfield>
            <subfield code="f">IOP;UCP</subfield>
            <subfield code="b">&lt;reference type="journal"&gt;&lt;ref_citation&gt;Lilly, S. J., Le F__amp__#232;vre, O., __amp__amp; Renzini, A. et al. 2007, ApJS, 172, 70&lt;/ref_citation&gt;&lt;ref_doi&gt;10.1086/516589&lt;/ref_doi&gt;&lt;ref_authors&gt;Lilly, S. J., Le F__amp__#232;vre, O., __amp__amp; Renzini, A. et al.&lt;/ref_authors&gt;&lt;ref_journal&gt;ApJS&lt;/ref_journal&gt;&lt;ref_issn&gt;0067-0049&lt;/ref_issn&gt;&lt;ref_volume&gt;172&lt;/ref_volume&gt;&lt;ref_artnum&gt;70&lt;/ref_artnum&gt;&lt;ref_year&gt;2007&lt;/ref_year&gt;&lt;ref_start_page&gt;70&lt;/ref_start_page&gt;&lt;/reference&gt;</subfield>
            <subfield code="8">IOP;UCP</subfield>
         </datafield>
         <datafield tag="999" ind1="C" ind2="5">
            <subfield code="i">2010ApJS..187..560L</subfield>
            <subfield code="e">1</subfield>
            <subfield code="f">IOP;UCP</subfield>
            <subfield code="b">&lt;reference type="journal"&gt;&lt;ref_citation&gt;Luo, B., Brandt, W. N., __amp__amp; Xue, Y. Q. et al. 2010, ApJS, 187, 560&lt;/ref_citation&gt;&lt;ref_doi&gt;10.1088/0067-0049/187/2/560&lt;/ref_doi&gt;&lt;ref_authors&gt;Luo, B., Brandt, W. N., __amp__amp; Xue, Y. Q. et al.&lt;/ref_authors&gt;&lt;ref_journal&gt;ApJS&lt;/ref_journal&gt;&lt;ref_issn&gt;0067-0049&lt;/ref_issn&gt;&lt;ref_volume&gt;187&lt;/ref_volume&gt;&lt;ref_artnum&gt;560&lt;/ref_artnum&gt;&lt;ref_year&gt;2010&lt;/ref_year&gt;&lt;ref_start_page&gt;560&lt;/ref_start_page&gt;&lt;/reference&gt;</subfield>
            <subfield code="8">IOP;UCP</subfield>
         </datafield>
         <datafield tag="999" ind1="C" ind2="5">
            <subfield code="i">1983ApJ...269...35M</subfield>
            <subfield code="e">1</subfield>
            <subfield code="f">IOP;UCP</subfield>
            <subfield code="b">&lt;reference type="journal"&gt;&lt;ref_citation&gt;Marshall, H. L., Tananbaum, H., Avni, Y., __amp__amp; Zamorani, G. 1983, ApJ, 269, 35&lt;/ref_citation&gt;&lt;ref_doi&gt;10.1086/161016&lt;/ref_doi&gt;&lt;ref_authors&gt;Marshall, H. L., Tananbaum, H., Avni, Y., __amp__amp; Zamorani, G.&lt;/ref_authors&gt;&lt;ref_journal&gt;ApJ&lt;/ref_journal&gt;&lt;ref_volume&gt;269&lt;/ref_volume&gt;&lt;ref_year&gt;1983&lt;/ref_year&gt;&lt;ref_start_page&gt;35&lt;/ref_start_page&gt;&lt;/reference&gt;</subfield>
            <subfield code="8">IOP;UCP</subfield>
         </datafield>
         <datafield tag="999" ind1="C" ind2="5">
            <subfield code="i">2008ApJ...686..219M</subfield>
            <subfield code="e">1</subfield>
            <subfield code="f">IOP;UCP</subfield>
            <subfield code="b">&lt;reference type="journal"&gt;&lt;ref_citation&gt;Menci, N., Fiore, F., Puccetti, S., __amp__amp; Cavaliere, A. 2008, ApJ, 686, 219&lt;/ref_citation&gt;&lt;ref_doi&gt;10.1086/591438&lt;/ref_doi&gt;&lt;ref_authors&gt;Menci, N., Fiore, F., Puccetti, S., __amp__amp; Cavaliere, A.&lt;/ref_authors&gt;&lt;ref_journal&gt;ApJ&lt;/ref_journal&gt;&lt;ref_issn&gt;0004-637X&lt;/ref_issn&gt;&lt;ref_volume&gt;686&lt;/ref_volume&gt;&lt;ref_artnum&gt;219&lt;/ref_artnum&gt;&lt;ref_year&gt;2008&lt;/ref_year&gt;&lt;ref_start_page&gt;219&lt;/ref_start_page&gt;&lt;/reference&gt;</subfield>
            <subfield code="8">IOP;UCP</subfield>
         </datafield>
         <datafield tag="999" ind1="C" ind2="5">
            <subfield code="i">2007ApJS..172..523M</subfield>
            <subfield code="e">1</subfield>
            <subfield code="f">IOP;UCP</subfield>
            <subfield code="b">&lt;reference type="journal"&gt;&lt;ref_citation&gt;Murayama, T., Taniguchi, Y., __amp__amp; Scoville, N. Z. et al. 2007, ApJS, 172, 523&lt;/ref_citation&gt;&lt;ref_doi&gt;10.1086/516597&lt;/ref_doi&gt;&lt;ref_authors&gt;Murayama, T., Taniguchi, Y., __amp__amp; Scoville, N. Z. et al.&lt;/ref_authors&gt;&lt;ref_journal&gt;ApJS&lt;/ref_journal&gt;&lt;ref_issn&gt;0067-0049&lt;/ref_issn&gt;&lt;ref_volume&gt;172&lt;/ref_volume&gt;&lt;ref_artnum&gt;523&lt;/ref_artnum&gt;&lt;ref_year&gt;2007&lt;/ref_year&gt;&lt;ref_start_page&gt;523&lt;/ref_start_page&gt;&lt;/reference&gt;</subfield>
            <subfield code="8">IOP;UCP</subfield>
         </datafield>
         <datafield tag="999" ind1="C" ind2="5">
            <subfield code="i">1994MNRAS.268..405N</subfield>
            <subfield code="e">1</subfield>
            <subfield code="f">IOP;UCP</subfield>
            <subfield code="b">&lt;reference type="journal"&gt;&lt;ref_citation&gt;Nandra, K. __amp__amp; Pounds, K. A. 1994, MNRAS, 268, 405&lt;/ref_citation&gt;&lt;ref_authors&gt;Nandra, K. __amp__amp; Pounds, K. A.&lt;/ref_authors&gt;&lt;ref_journal&gt;MNRAS&lt;/ref_journal&gt;&lt;ref_issn&gt;0035-8711&lt;/ref_issn&gt;&lt;ref_volume&gt;268&lt;/ref_volume&gt;&lt;ref_year&gt;1994&lt;/ref_year&gt;&lt;ref_start_page&gt;405&lt;/ref_start_page&gt;&lt;/reference&gt;</subfield>
            <subfield code="8">IOP;UCP</subfield>
         </datafield>
         <datafield tag="999" ind1="C" ind2="5">
            <subfield code="i">2002ApJ...571..218N</subfield>
            <subfield code="e">1</subfield>
            <subfield code="f">IOP;UCP</subfield>
            <subfield code="b">&lt;reference type="journal"&gt;&lt;ref_citation&gt;Norman, C., Hasinger, G., __amp__amp; Giacconi, R. et al. 2002, ApJ, 571, 218&lt;/ref_citation&gt;&lt;ref_doi&gt;10.1086/339855&lt;/ref_doi&gt;&lt;ref_authors&gt;Norman, C., Hasinger, G., __amp__amp; Giacconi, R. et al.&lt;/ref_authors&gt;&lt;ref_journal&gt;ApJ&lt;/ref_journal&gt;&lt;ref_issn&gt;0004-637X&lt;/ref_issn&gt;&lt;ref_volume&gt;571&lt;/ref_volume&gt;&lt;ref_artnum&gt;218&lt;/ref_artnum&gt;&lt;ref_year&gt;2002&lt;/ref_year&gt;&lt;ref_start_page&gt;218&lt;/ref_start_page&gt;&lt;/reference&gt;</subfield>
            <subfield code="8">IOP;UCP</subfield>
         </datafield>
         <datafield tag="999" ind1="C" ind2="5">
            <subfield code="i">2009ApJS..185..586P</subfield>
            <subfield code="e">1</subfield>
            <subfield code="f">IOP;UCP</subfield>
            <subfield code="b">&lt;reference type="journal"&gt;&lt;ref_citation&gt;Puccetti, S., Vignali, C., __amp__amp; Cappelluti, N. et al. 2009, ApJS, 185, 586&lt;/ref_citation&gt;&lt;ref_doi&gt;10.1088/0067-0049/185/2/586&lt;/ref_doi&gt;&lt;ref_authors&gt;Puccetti, S., Vignali, C., __amp__amp; Cappelluti, N. et al.&lt;/ref_authors&gt;&lt;ref_journal&gt;ApJS&lt;/ref_journal&gt;&lt;ref_issn&gt;0067-0049&lt;/ref_issn&gt;&lt;ref_volume&gt;185&lt;/ref_volume&gt;&lt;ref_artnum&gt;586&lt;/ref_artnum&gt;&lt;ref_year&gt;2009&lt;/ref_year&gt;&lt;ref_start_page&gt;586&lt;/ref_start_page&gt;&lt;/reference&gt;</subfield>
            <subfield code="8">IOP;UCP</subfield>
         </datafield>
         <datafield tag="999" ind1="C" ind2="5">
            <subfield code="i">2006AJ....131.2766R</subfield>
            <subfield code="e">1</subfield>
            <subfield code="f">IOP;UCP</subfield>
            <subfield code="b">&lt;reference type="journal"&gt;&lt;ref_citation&gt;Richards, G. T., Strauss, M. A., __amp__amp; Fan, X. et al. 2006, AJ, 131, 2766&lt;/ref_citation&gt;&lt;ref_doi&gt;10.1086/503559&lt;/ref_doi&gt;&lt;ref_authors&gt;Richards, G. T., Strauss, M. A., __amp__amp; Fan, X. et al.&lt;/ref_authors&gt;&lt;ref_journal&gt;AJ&lt;/ref_journal&gt;&lt;ref_issn&gt;1538-3881&lt;/ref_issn&gt;&lt;ref_volume&gt;131&lt;/ref_volume&gt;&lt;ref_artnum&gt;2766&lt;/ref_artnum&gt;&lt;ref_year&gt;2006&lt;/ref_year&gt;&lt;ref_start_page&gt;2766&lt;/ref_start_page&gt;&lt;/reference&gt;</subfield>
            <subfield code="8">IOP;UCP</subfield>
         </datafield>
         <datafield tag="999" ind1="C" ind2="5">
            <subfield code="i">2011MSAIS..17....8R</subfield>
            <subfield code="e">1</subfield>
            <subfield code="f">IOP;UCP</subfield>
            <subfield code="b">&lt;reference type="journal"&gt;&lt;ref_citation&gt;Rosati, P., Borgani, S., __amp__amp; Gilli, R. et al. 2011, Mem. Soc. Astron. Ital. Suppl., 17, 8&lt;/ref_citation&gt;&lt;ref_authors&gt;Rosati, P., Borgani, S., __amp__amp; Gilli, R. et al.&lt;/ref_authors&gt;&lt;ref_journal&gt;Mem. Soc. Astron. Ital. Suppl.&lt;/ref_journal&gt;&lt;ref_issn&gt;0037-8720&lt;/ref_issn&gt;&lt;ref_volume&gt;17&lt;/ref_volume&gt;&lt;ref_year&gt;2011&lt;/ref_year&gt;&lt;ref_start_page&gt;8&lt;/ref_start_page&gt;&lt;/reference&gt;</subfield>
            <subfield code="8">IOP;UCP</subfield>
         </datafield>
         <datafield tag="999" ind1="C" ind2="5">
            <subfield code="i">2009ApJ...690.1250S</subfield>
            <subfield code="e">1</subfield>
            <subfield code="f">IOP;UCP</subfield>
            <subfield code="b">&lt;reference type="journal"&gt;&lt;ref_citation&gt;Salvato, M., Hasinger, G., __amp__amp; Ilbert, O. et al. 2009, ApJ, 690, 1250&lt;/ref_citation&gt;&lt;ref_doi&gt;10.1088/0004-637X/690/2/1250&lt;/ref_doi&gt;&lt;ref_authors&gt;Salvato, M., Hasinger, G., __amp__amp; Ilbert, O. et al.&lt;/ref_authors&gt;&lt;ref_journal&gt;ApJ&lt;/ref_journal&gt;&lt;ref_issn&gt;0004-637X&lt;/ref_issn&gt;&lt;ref_volume&gt;690&lt;/ref_volume&gt;&lt;ref_artnum&gt;1250&lt;/ref_artnum&gt;&lt;ref_year&gt;2009&lt;/ref_year&gt;&lt;ref_start_page&gt;1250&lt;/ref_start_page&gt;&lt;/reference&gt;</subfield>
            <subfield code="8">IOP;UCP</subfield>
         </datafield>
         <datafield tag="999" ind1="C" ind2="5">
            <subfield code="i">1968ApJ...151..393S</subfield>
            <subfield code="e">1</subfield>
            <subfield code="f">IOP;UCP</subfield>
            <subfield code="b">&lt;reference type="journal"&gt;&lt;ref_citation&gt;Schmidt, M. 1968, ApJ, 151, 393&lt;/ref_citation&gt;&lt;ref_doi&gt;10.1086/149446&lt;/ref_doi&gt;&lt;ref_authors&gt;Schmidt, M.&lt;/ref_authors&gt;&lt;ref_journal&gt;ApJ&lt;/ref_journal&gt;&lt;ref_volume&gt;151&lt;/ref_volume&gt;&lt;ref_year&gt;1968&lt;/ref_year&gt;&lt;ref_start_page&gt;393&lt;/ref_start_page&gt;&lt;/reference&gt;</subfield>
            <subfield code="8">IOP;UCP</subfield>
         </datafield>
         <datafield tag="999" ind1="C" ind2="5">
            <subfield code="i">1995AJ....110...68S</subfield>
            <subfield code="e">1</subfield>
            <subfield code="f">IOP;UCP</subfield>
            <subfield code="b">&lt;reference type="journal"&gt;&lt;ref_citation&gt;Schmidt, M., Schneider, D. P., __amp__amp; Gunn, J. E. 1995, AJ, 110, 68&lt;/ref_citation&gt;&lt;ref_doi&gt;10.1086/117497&lt;/ref_doi&gt;&lt;ref_authors&gt;Schmidt, M., Schneider, D. P., __amp__amp; Gunn, J. E.&lt;/ref_authors&gt;&lt;ref_journal&gt;AJ&lt;/ref_journal&gt;&lt;ref_volume&gt;110&lt;/ref_volume&gt;&lt;ref_year&gt;1995&lt;/ref_year&gt;&lt;ref_start_page&gt;68&lt;/ref_start_page&gt;&lt;/reference&gt;</subfield>
            <subfield code="8">IOP;UCP</subfield>
         </datafield>
         <datafield tag="999" ind1="C" ind2="5">
            <subfield code="i">2009NewAR..53...57S</subfield>
            <subfield code="e">1</subfield>
            <subfield code="f">IOP;UCP</subfield>
            <subfield code="b">&lt;reference type="journal"&gt;&lt;ref_citation&gt;Shankar, F. 2009, New Astron. Rev., 53, 57&lt;/ref_citation&gt;&lt;ref_doi&gt;10.1016/j.newar.2009.07.006&lt;/ref_doi&gt;&lt;ref_authors&gt;Shankar, F.&lt;/ref_authors&gt;&lt;ref_journal&gt;New Astron. Rev.&lt;/ref_journal&gt;&lt;ref_issn&gt;1387-6473&lt;/ref_issn&gt;&lt;ref_volume&gt;53&lt;/ref_volume&gt;&lt;ref_year&gt;2009&lt;/ref_year&gt;&lt;ref_start_page&gt;57&lt;/ref_start_page&gt;&lt;/reference&gt;</subfield>
            <subfield code="8">IOP;UCP</subfield>
         </datafield>
         <datafield tag="999" ind1="C" ind2="5">
            <subfield code="i">2010IAUS..267..248S</subfield>
            <subfield code="e">1</subfield>
            <subfield code="f">IOP;UCP</subfield>
            <subfield code="b">&lt;reference type="book"&gt;&lt;ref_citation&gt;Shankar, F. 2010, Co-evolution of Central Black Holes and Galaxies (IAU Symp. 267), ed. B. Peterson, R. Somerville, __amp__amp; T. Storchi-Bergmann (Cambridge: Cambridge Univ. Press), 248&lt;/ref_citation&gt;&lt;ref_authors&gt;Shankar, F.&lt;/ref_authors&gt;&lt;ref_journal&gt;Co-evolution of Central Black Holes and Galaxies&lt;/ref_journal&gt;&lt;ref_year&gt;2010&lt;/ref_year&gt;&lt;ref_start_page&gt;248&lt;/ref_start_page&gt;&lt;/reference&gt;</subfield>
            <subfield code="8">IOP;UCP</subfield>
         </datafield>
         <datafield tag="999" ind1="C" ind2="5">
            <subfield code="i">2010ApJ...718..231S</subfield>
            <subfield code="e">1</subfield>
            <subfield code="f">IOP;UCP</subfield>
            <subfield code="b">&lt;reference type="journal"&gt;&lt;ref_citation&gt;Shankar, F., Crocce, M., Miralda-Escud__amp__#233;, J., Fosalba, P., __amp__amp; Weinberg, D. H. 2010, ApJ, 718, 231&lt;/ref_citation&gt;&lt;ref_doi&gt;10.1088/0004-637X/718/1/231&lt;/ref_doi&gt;&lt;ref_authors&gt;Shankar, F., Crocce, M., Miralda-Escud__amp__#233;, J., Fosalba, P., __amp__amp; Weinberg, D. H.&lt;/ref_authors&gt;&lt;ref_journal&gt;ApJ&lt;/ref_journal&gt;&lt;ref_issn&gt;0004-637X&lt;/ref_issn&gt;&lt;ref_volume&gt;718&lt;/ref_volume&gt;&lt;ref_artnum&gt;231&lt;/ref_artnum&gt;&lt;ref_year&gt;2010&lt;/ref_year&gt;&lt;ref_start_page&gt;231&lt;/ref_start_page&gt;&lt;/reference&gt;</subfield>
            <subfield code="8">IOP;UCP</subfield>
         </datafield>
         <datafield tag="999" ind1="C" ind2="5">
            <subfield code="i">2003ApJ...588...65S</subfield>
            <subfield code="e">1</subfield>
            <subfield code="f">IOP;UCP</subfield>
            <subfield code="b">&lt;reference type="journal"&gt;&lt;ref_citation&gt;Shapley, A. E., Steidel, C. C., Pettini, M., __amp__amp; Adelberger, K. L. 2003, ApJ, 588, 65&lt;/ref_citation&gt;&lt;ref_doi&gt;10.1086/373922&lt;/ref_doi&gt;&lt;ref_authors&gt;Shapley, A. E., Steidel, C. C., Pettini, M., __amp__amp; Adelberger, K. L.&lt;/ref_authors&gt;&lt;ref_journal&gt;ApJ&lt;/ref_journal&gt;&lt;ref_issn&gt;0004-637X&lt;/ref_issn&gt;&lt;ref_volume&gt;588&lt;/ref_volume&gt;&lt;ref_artnum&gt;65&lt;/ref_artnum&gt;&lt;ref_year&gt;2003&lt;/ref_year&gt;&lt;ref_start_page&gt;65&lt;/ref_start_page&gt;&lt;/reference&gt;</subfield>
            <subfield code="8">IOP;UCP</subfield>
         </datafield>
         <datafield tag="999" ind1="C" ind2="5">
            <subfield code="i">2009ApJ...704...89S</subfield>
            <subfield code="e">1</subfield>
            <subfield code="f">IOP;UCP</subfield>
            <subfield code="b">&lt;reference type="journal"&gt;&lt;ref_citation&gt;Shen, Y. 2009, ApJ, 704, 89&lt;/ref_citation&gt;&lt;ref_doi&gt;10.1088/0004-637X/704/1/89&lt;/ref_doi&gt;&lt;ref_authors&gt;Shen, Y.&lt;/ref_authors&gt;&lt;ref_journal&gt;ApJ&lt;/ref_journal&gt;&lt;ref_issn&gt;0004-637X&lt;/ref_issn&gt;&lt;ref_volume&gt;704&lt;/ref_volume&gt;&lt;ref_artnum&gt;89&lt;/ref_artnum&gt;&lt;ref_year&gt;2009&lt;/ref_year&gt;&lt;ref_start_page&gt;89&lt;/ref_start_page&gt;&lt;/reference&gt;</subfield>
            <subfield code="8">IOP;UCP</subfield>
         </datafield>
         <datafield tag="999" ind1="C" ind2="5">
            <subfield code="i">2005ApJ...624..630S</subfield>
            <subfield code="e">1</subfield>
            <subfield code="f">IOP;UCP</subfield>
            <subfield code="b">&lt;reference type="journal"&gt;&lt;ref_citation&gt;Silverman, J. D., Green, P. J., __amp__amp; Barkhouse, W. A. et al. 2005, ApJ, 624, 630&lt;/ref_citation&gt;&lt;ref_doi&gt;10.1086/429361&lt;/ref_doi&gt;&lt;ref_authors&gt;Silverman, J. D., Green, P. J., __amp__amp; Barkhouse, W. A. et al.&lt;/ref_authors&gt;&lt;ref_journal&gt;ApJ&lt;/ref_journal&gt;&lt;ref_issn&gt;0004-637X&lt;/ref_issn&gt;&lt;ref_volume&gt;624&lt;/ref_volume&gt;&lt;ref_artnum&gt;630&lt;/ref_artnum&gt;&lt;ref_year&gt;2005&lt;/ref_year&gt;&lt;ref_start_page&gt;630&lt;/ref_start_page&gt;&lt;/reference&gt;</subfield>
            <subfield code="8">IOP;UCP</subfield>
         </datafield>
         <datafield tag="999" ind1="C" ind2="5">
            <subfield code="i">2008ApJ...679..118S</subfield>
            <subfield code="e">1</subfield>
            <subfield code="f">IOP;UCP</subfield>
            <subfield code="b">&lt;reference type="journal"&gt;&lt;ref_citation&gt;Silverman, J. D., Green, P. J., __amp__amp; Barkhouse, W. A. et al. 2008, ApJ, 679, 118&lt;/ref_citation&gt;&lt;ref_doi&gt;10.1086/529572&lt;/ref_doi&gt;&lt;ref_authors&gt;Silverman, J. D., Green, P. J., __amp__amp; Barkhouse, W. A. et al.&lt;/ref_authors&gt;&lt;ref_journal&gt;ApJ&lt;/ref_journal&gt;&lt;ref_issn&gt;0004-637X&lt;/ref_issn&gt;&lt;ref_volume&gt;679&lt;/ref_volume&gt;&lt;ref_artnum&gt;118&lt;/ref_artnum&gt;&lt;ref_year&gt;2008&lt;/ref_year&gt;&lt;ref_start_page&gt;118&lt;/ref_start_page&gt;&lt;/reference&gt;</subfield>
            <subfield code="8">IOP;UCP</subfield>
         </datafield>
         <datafield tag="999" ind1="C" ind2="5">
            <subfield code="i">2010ApJS..191..124S</subfield>
            <subfield code="e">1</subfield>
            <subfield code="f">IOP;UCP</subfield>
            <subfield code="b">&lt;reference type="journal"&gt;&lt;ref_citation&gt;Silverman, J. D., Mainieri, V., __amp__amp; Salvato, M. et al. 2010, ApJS, 191, 124&lt;/ref_citation&gt;&lt;ref_doi&gt;10.1088/0067-0049/191/1/124&lt;/ref_doi&gt;&lt;ref_authors&gt;Silverman, J. D., Mainieri, V., __amp__amp; Salvato, M. et al.&lt;/ref_authors&gt;&lt;ref_journal&gt;ApJS&lt;/ref_journal&gt;&lt;ref_issn&gt;0067-0049&lt;/ref_issn&gt;&lt;ref_volume&gt;191&lt;/ref_volume&gt;&lt;ref_artnum&gt;124&lt;/ref_artnum&gt;&lt;ref_year&gt;2010&lt;/ref_year&gt;&lt;ref_start_page&gt;124&lt;/ref_start_page&gt;&lt;/reference&gt;</subfield>
            <subfield code="8">IOP;UCP</subfield>
         </datafield>
         <datafield tag="999" ind1="C" ind2="5">
            <subfield code="i">2004AJ....128.1483S</subfield>
            <subfield code="e">1</subfield>
            <subfield code="f">IOP;UCP</subfield>
            <subfield code="b">&lt;reference type="journal"&gt;&lt;ref_citation&gt;Steffen, A. T., Barger, A. J., __amp__amp; Capak, P. et al. 2004, AJ, 128, 1483&lt;/ref_citation&gt;&lt;ref_doi&gt;10.1086/423998&lt;/ref_doi&gt;&lt;ref_authors&gt;Steffen, A. T., Barger, A. J., __amp__amp; Capak, P. et al.&lt;/ref_authors&gt;&lt;ref_journal&gt;AJ&lt;/ref_journal&gt;&lt;ref_issn&gt;1538-3881&lt;/ref_issn&gt;&lt;ref_volume&gt;128&lt;/ref_volume&gt;&lt;ref_artnum&gt;1483&lt;/ref_artnum&gt;&lt;ref_year&gt;2004&lt;/ref_year&gt;&lt;ref_start_page&gt;1483&lt;/ref_start_page&gt;&lt;/reference&gt;</subfield>
            <subfield code="8">IOP;UCP</subfield>
         </datafield>
         <datafield tag="999" ind1="C" ind2="5">
            <subfield code="i">2009ApJ...696.1195T</subfield>
            <subfield code="e">1</subfield>
            <subfield code="f">IOP;UCP</subfield>
            <subfield code="b">&lt;reference type="journal"&gt;&lt;ref_citation&gt;Trump, J. R., Impey, C. D., __amp__amp; Elvis, M. et al. 2009, ApJ, 696, 1195&lt;/ref_citation&gt;&lt;ref_doi&gt;10.1088/0004-637X/696/2/1195&lt;/ref_doi&gt;&lt;ref_authors&gt;Trump, J. R., Impey, C. D., __amp__amp; Elvis, M. et al.&lt;/ref_authors&gt;&lt;ref_journal&gt;ApJ&lt;/ref_journal&gt;&lt;ref_issn&gt;0004-637X&lt;/ref_issn&gt;&lt;ref_volume&gt;696&lt;/ref_volume&gt;&lt;ref_artnum&gt;1195&lt;/ref_artnum&gt;&lt;ref_year&gt;2009&lt;/ref_year&gt;&lt;ref_start_page&gt;1195&lt;/ref_start_page&gt;&lt;/reference&gt;</subfield>
            <subfield code="8">IOP;UCP</subfield>
         </datafield>
         <datafield tag="999" ind1="C" ind2="5">
            <subfield code="i">2007ApJS..172..383T</subfield>
            <subfield code="e">1</subfield>
            <subfield code="f">IOP;UCP</subfield>
            <subfield code="b">&lt;reference type="journal"&gt;&lt;ref_citation&gt;Trump, J. R., Impey, C. D., __amp__amp; McCarthy, P. J. et al. 2007, ApJS, 172, 383&lt;/ref_citation&gt;&lt;ref_doi&gt;10.1086/516578&lt;/ref_doi&gt;&lt;ref_authors&gt;Trump, J. R., Impey, C. D., __amp__amp; McCarthy, P. J. et al.&lt;/ref_authors&gt;&lt;ref_journal&gt;ApJS&lt;/ref_journal&gt;&lt;ref_issn&gt;0067-0049&lt;/ref_issn&gt;&lt;ref_volume&gt;172&lt;/ref_volume&gt;&lt;ref_artnum&gt;383&lt;/ref_artnum&gt;&lt;ref_year&gt;2007&lt;/ref_year&gt;&lt;ref_start_page&gt;383&lt;/ref_start_page&gt;&lt;/reference&gt;</subfield>
            <subfield code="8">IOP;UCP</subfield>
         </datafield>
         <datafield tag="999" ind1="C" ind2="5">
            <subfield code="i">2003ApJ...587L..15W</subfield>
            <subfield code="e">1</subfield>
            <subfield code="f">IOP;UCP</subfield>
            <subfield code="b">&lt;reference type="journal"&gt;&lt;ref_citation&gt;Willott, C. J., McLure, R. J., __amp__amp; Jarvis, M. J. 2003, ApJ, 587, L15&lt;/ref_citation&gt;&lt;ref_doi&gt;10.1086/375126&lt;/ref_doi&gt;&lt;ref_authors&gt;Willott, C. J., McLure, R. J., __amp__amp; Jarvis, M. J.&lt;/ref_authors&gt;&lt;ref_journal&gt;ApJ&lt;/ref_journal&gt;&lt;ref_issn&gt;1538-4357&lt;/ref_issn&gt;&lt;ref_volume&gt;587&lt;/ref_volume&gt;&lt;ref_artnum&gt;L15&lt;/ref_artnum&gt;&lt;ref_year&gt;2003&lt;/ref_year&gt;&lt;ref_start_page&gt;L15&lt;/ref_start_page&gt;&lt;/reference&gt;</subfield>
            <subfield code="8">IOP;UCP</subfield>
         </datafield>
         <datafield tag="999" ind1="C" ind2="5">
            <subfield code="i">2003ApJ...595..614W</subfield>
            <subfield code="e">1</subfield>
            <subfield code="f">IOP;UCP</subfield>
            <subfield code="b">&lt;reference type="journal"&gt;&lt;ref_citation&gt;Wyithe, J. S. B. __amp__amp; Loeb, A. 2003, ApJ, 595, 614&lt;/ref_citation&gt;&lt;ref_doi&gt;10.1086/377475&lt;/ref_doi&gt;&lt;ref_authors&gt;Wyithe, J. S. B. __amp__amp; Loeb, A.&lt;/ref_authors&gt;&lt;ref_journal&gt;ApJ&lt;/ref_journal&gt;&lt;ref_issn&gt;0004-637X&lt;/ref_issn&gt;&lt;ref_volume&gt;595&lt;/ref_volume&gt;&lt;ref_artnum&gt;614&lt;/ref_artnum&gt;&lt;ref_year&gt;2003&lt;/ref_year&gt;&lt;ref_start_page&gt;614&lt;/ref_start_page&gt;&lt;/reference&gt;</subfield>
            <subfield code="8">IOP;UCP</subfield>
         </datafield>
         <datafield tag="999" ind1="C" ind2="5">
            <subfield code="i">2011ApJS..195...10X</subfield>
            <subfield code="e">1</subfield>
            <subfield code="f">IOP;UCP</subfield>
            <subfield code="b">&lt;reference type="journal"&gt;&lt;ref_citation&gt;Xue, Y. Q., Luo, B., __amp__amp; Brandt, W. N. et al. 2011, ApJS, 195, 10&lt;/ref_citation&gt;&lt;ref_doi&gt;10.1088/0067-0049/195/1/10&lt;/ref_doi&gt;&lt;ref_authors&gt;Xue, Y. Q., Luo, B., __amp__amp; Brandt, W. N. et al.&lt;/ref_authors&gt;&lt;ref_journal&gt;ApJS&lt;/ref_journal&gt;&lt;ref_issn&gt;0067-0049&lt;/ref_issn&gt;&lt;ref_volume&gt;195&lt;/ref_volume&gt;&lt;ref_artnum&gt;10&lt;/ref_artnum&gt;&lt;ref_year&gt;2011&lt;/ref_year&gt;&lt;ref_start_page&gt;10&lt;/ref_start_page&gt;&lt;/reference&gt;</subfield>
            <subfield code="8">IOP;UCP</subfield>
         </datafield>
         <datafield tag="999" ind1="C" ind2="5">
            <subfield code="i">2009ApJ...698..380Y</subfield>
            <subfield code="e">1</subfield>
            <subfield code="f">IOP;UCP</subfield>
            <subfield code="b">&lt;reference type="journal"&gt;&lt;ref_citation&gt;Yencho, B., Barger, A. J., Trouille, L., __amp__amp; Winter, L. M. 2009, ApJ, 698, 380&lt;/ref_citation&gt;&lt;ref_doi&gt;10.1088/0004-637X/698/1/380&lt;/ref_doi&gt;&lt;ref_authors&gt;Yencho, B., Barger, A. J., Trouille, L., __amp__amp; Winter, L. M.&lt;/ref_authors&gt;&lt;ref_journal&gt;ApJ&lt;/ref_journal&gt;&lt;ref_issn&gt;0004-637X&lt;/ref_issn&gt;&lt;ref_volume&gt;698&lt;/ref_volume&gt;&lt;ref_artnum&gt;380&lt;/ref_artnum&gt;&lt;ref_year&gt;2009&lt;/ref_year&gt;&lt;ref_start_page&gt;380&lt;/ref_start_page&gt;&lt;/reference&gt;</subfield>
            <subfield code="8">IOP;UCP</subfield>
         </datafield>
         <datafield tag="999" ind1="C" ind2="5">
            <subfield code="i">2010ApJ...708.1388Y</subfield>
            <subfield code="e">1</subfield>
            <subfield code="f">IOP;UCP</subfield>
            <subfield code="b">&lt;reference type="journal"&gt;&lt;ref_citation&gt;Young, M., Elvis, M., __amp__amp; Risaliti, G. 2010, ApJ, 708, 1388&lt;/ref_citation&gt;&lt;ref_doi&gt;10.1088/0004-637X/708/2/1388&lt;/ref_doi&gt;&lt;ref_authors&gt;Young, M., Elvis, M., __amp__amp; Risaliti, G.&lt;/ref_authors&gt;&lt;ref_journal&gt;ApJ&lt;/ref_journal&gt;&lt;ref_issn&gt;0004-637X&lt;/ref_issn&gt;&lt;ref_volume&gt;708&lt;/ref_volume&gt;&lt;ref_artnum&gt;1388&lt;/ref_artnum&gt;&lt;ref_year&gt;2010&lt;/ref_year&gt;&lt;ref_start_page&gt;1388&lt;/ref_start_page&gt;&lt;/reference&gt;</subfield>
            <subfield code="8">IOP;UCP</subfield>
         </datafield>
      </record>
      <record>
         <datafield tag="970" ind1="" ind2="">
            <subfield code="a">2011ApJ...741...91C</subfield>
            <subfield code="8">ADS metadata</subfield>
         </datafield>
         <datafield tag="035" ind1="" ind2="">
            <subfield code="a">2011ApJ...741...91C</subfield>
            <subfield code="2">ADS bibcode</subfield>
            <subfield code="8">ADS metadata</subfield>
         </datafield>
         <datafield tag="035" ind1="" ind2="">
            <subfield code="y">2011arXiv1103.2570C</subfield>
            <subfield code="2">eprint bibcode</subfield>
            <subfield code="8">ADS metadata</subfield>
         </datafield>
         <datafield tag="035" ind1="" ind2="">
            <subfield code="a">arXiv:1103.2570</subfield>
            <subfield code="2">arXiv</subfield>
            <subfield code="8">ADS metadata</subfield>
         </datafield>
         <datafield tag="856" ind1="4" ind2="">
            <subfield code="u">http://$SIMBAD$/simbo.pl?bibcode=2011ApJ...741...91C</subfield>
            <subfield code="y">simbad</subfield>
            <subfield code="8">ADS metadata</subfield>
         </datafield>
         <datafield tag="856" ind1="4" ind2="">
            <subfield code="u">http://stacks.iop.org/0004-637X/741/91/pdf</subfield>
            <subfield code="y">pdf</subfield>
            <subfield code="8">ADS metadata</subfield>
         </datafield>
         <datafield tag="856" ind1="4" ind2="">
            <subfield code="u">http://cda.harvard.edu/chaser/ocatList.do?obsid=8549,8009,7995,8483,8010,8004,8493,8482,7996,8027,8494,8555,8014,8496,8478,8003,7998,8503,8015,7997,8006,8000,8550,8022,8020,8021,8001,8008,7999,8123,8005,8122,8025,8026,8018,8002,8553,8011,8023,8124,8007,8019,8024,8497,8016,8013,8012,8017,8552</subfield>
            <subfield code="y">data</subfield>
            <subfield code="8">ADS metadata</subfield>
         </datafield>
         <datafield tag="856" ind1="4" ind2="">
            <subfield code="u">http://stacks.iop.org/0004-637X/741/91</subfield>
            <subfield code="y">electr</subfield>
            <subfield code="8">ADS metadata</subfield>
         </datafield>
         <datafield tag="856" ind1="4" ind2="">
            <subfield code="u">http://adsabs.harvard.edu/abs/2011ApJ...741...91C</subfield>
            <subfield code="y">ADSlink</subfield>
            <subfield code="8">ADS metadata</subfield>
         </datafield>
      </record>