
      <record>
         <datafield tag="970" ind1="" ind2="">
            <subfield code="a">2011ApJ...741...91C</subfield>
            <subfield code="8">ADS metadata</subfield>
         </datafield>
         <datafield tag="035" ind1="" ind2="">
            <subfield code="a">2011ApJ...741...91C</subfield>
            <subfield code="2">ADS bibcode</subfield>
            <subfield code="8">ADS metadata</subfield>
         </datafield>
         <datafield tag="100" ind1="" ind2="">
            <subfield code="a">Civano, F.</subfield>
            <subfield code="b">Civano, F</subfield>
            <subfield code="e">regular</subfield>
            <subfield code="8">ARXIV</subfield>
         </datafield>
         <datafield tag="700" ind1="" ind2="">
            <subfield code="a">Brusa, M.</subfield>
            <subfield code="b">Brusa, M</subfield>
            <subfield code="e">regular</subfield>
            <subfield code="8">ARXIV</subfield>
         </datafield>
         <datafield tag="700" ind1="" ind2="">
            <subfield code="a">Comastri, A.</subfield>
            <subfield code="b">Comastri, A</subfield>
            <subfield code="e">regular</subfield>
            <subfield code="8">ARXIV</subfield>
         </datafield>
         <datafield tag="700" ind1="" ind2="">
            <subfield code="a">Elvis, M.</subfield>
            <subfield code="b">Elvis, M</subfield>
            <subfield code="e">regular</subfield>
            <subfield code="8">ARXIV</subfield>
         </datafield>
         <datafield tag="700" ind1="" ind2="">
            <subfield code="a">Salvato, M.</subfield>
            <subfield code="b">Salvato, M</subfield>
            <subfield code="e">regular</subfield>
            <subfield code="8">ARXIV</subfield>
         </datafield>
         <datafield tag="700" ind1="" ind2="">
            <subfield code="a">Zamorani, G.</subfield>
            <subfield code="b">Zamorani, G</subfield>
            <subfield code="e">regular</subfield>
            <subfield code="8">ARXIV</subfield>
         </datafield>
         <datafield tag="700" ind1="" ind2="">
            <subfield code="a">Capak, P.</subfield>
            <subfield code="b">Capak, P</subfield>
            <subfield code="e">regular</subfield>
            <subfield code="8">ARXIV</subfield>
         </datafield>
         <datafield tag="700" ind1="" ind2="">
            <subfield code="a">Fiore, F.</subfield>
            <subfield code="b">Fiore, F</subfield>
            <subfield code="e">regular</subfield>
            <subfield code="8">ARXIV</subfield>
         </datafield>
         <datafield tag="700" ind1="" ind2="">
            <subfield code="a">Gilli, R.</subfield>
            <subfield code="b">Gilli, R</subfield>
            <subfield code="e">regular</subfield>
            <subfield code="8">ARXIV</subfield>
         </datafield>
         <datafield tag="700" ind1="" ind2="">
            <subfield code="a">Hao, H.</subfield>
            <subfield code="b">Hao, H</subfield>
            <subfield code="e">regular</subfield>
            <subfield code="8">ARXIV</subfield>
         </datafield>
         <datafield tag="700" ind1="" ind2="">
            <subfield code="a">Ikeda, H.</subfield>
            <subfield code="b">Ikeda, H</subfield>
            <subfield code="e">regular</subfield>
            <subfield code="8">ARXIV</subfield>
         </datafield>
         <datafield tag="700" ind1="" ind2="">
            <subfield code="a">Kakazu, Y.</subfield>
            <subfield code="b">Kakazu, Y</subfield>
            <subfield code="e">regular</subfield>
            <subfield code="8">ARXIV</subfield>
         </datafield>
         <datafield tag="700" ind1="" ind2="">
            <subfield code="a">Kartaltepe, J. S.</subfield>
            <subfield code="b">Kartaltepe, J</subfield>
            <subfield code="e">regular</subfield>
            <subfield code="8">ARXIV</subfield>
         </datafield>
         <datafield tag="700" ind1="" ind2="">
            <subfield code="a">Masters, D.</subfield>
            <subfield code="b">Masters, D</subfield>
            <subfield code="e">regular</subfield>
            <subfield code="8">ARXIV</subfield>
         </datafield>
         <datafield tag="700" ind1="" ind2="">
            <subfield code="a">Miyaji, T.</subfield>
            <subfield code="b">Miyaji, T</subfield>
            <subfield code="e">regular</subfield>
            <subfield code="8">ARXIV</subfield>
         </datafield>
         <datafield tag="700" ind1="" ind2="">
            <subfield code="a">Mignoli, M.</subfield>
            <subfield code="b">Mignoli, M</subfield>
            <subfield code="e">regular</subfield>
            <subfield code="8">ARXIV</subfield>
         </datafield>
         <datafield tag="700" ind1="" ind2="">
            <subfield code="a">Puccetti, S.</subfield>
            <subfield code="b">Puccetti, S</subfield>
            <subfield code="e">regular</subfield>
            <subfield code="8">ARXIV</subfield>
         </datafield>
         <datafield tag="700" ind1="" ind2="">
            <subfield code="a">Shankar, F.</subfield>
            <subfield code="b">Shankar, F</subfield>
            <subfield code="e">regular</subfield>
            <subfield code="8">ARXIV</subfield>
         </datafield>
         <datafield tag="700" ind1="" ind2="">
            <subfield code="a">Silverman, J.</subfield>
            <subfield code="b">Silverman, J</subfield>
            <subfield code="e">regular</subfield>
            <subfield code="8">ARXIV</subfield>
         </datafield>
         <datafield tag="700" ind1="" ind2="">
            <subfield code="a">Vignali, C.</subfield>
            <subfield code="b">Vignali, C</subfield>
            <subfield code="e">regular</subfield>
            <subfield code="8">ARXIV</subfield>
         </datafield>
         <datafield tag="700" ind1="" ind2="">
            <subfield code="a">Zezas, A.</subfield>
            <subfield code="b">Zezas, A</subfield>
            <subfield code="e">regular</subfield>
            <subfield code="8">ARXIV</subfield>
         </datafield>
         <datafield tag="700" ind1="" ind2="">
            <subfield code="a">Koekemoer, A. M.</subfield>
            <subfield code="b">Koekemoer, A</subfield>
            <subfield code="e">regular</subfield>
            <subfield code="8">ARXIV</subfield>
         </datafield>
         <datafield tag="245" ind1="" ind2="">
            <subfield code="a">The Population of High Redshift AGNs in the Chandra COSMOS survey</subfield>
            <subfield code="8">ARXIV</subfield>
         </datafield>
         <datafield tag="260" ind1="" ind2="">
            <subfield code="c">2011-03-00</subfield>
            <subfield code="t">date-preprint</subfield>
            <subfield code="8">ARXIV</subfield>
         </datafield>
         <datafield tag="260" ind1="" ind2="">
            <subfield code="c">2011-03-01</subfield>
            <subfield code="t">date-preprint</subfield>
            <subfield code="8">ARXIV</subfield>
         </datafield>
         <datafield tag="500" ind1="" ind2="">
            <subfield code="a">10 pages, 6 figures. ApJ in press. Table 3 is available in the published version</subfield>
            <subfield code="8">ARXIV</subfield>
            <subfield code="9">ADS</subfield>
         </datafield>
         <datafield tag="520" ind1="" ind2="">
            <subfield code="a">We present the high redshift (3〈z〈5.3) 0.5-2 keV number counts and the 2-10 keV (rest frame) space density of X-ray selected AGNs detected in the Chandra COSMOS survey. The sample comprises 81 X-ray detected sources with available spectroscopic (31) and photometric (50) redshifts plus 20 sources with a formal z_phot〈3 but with a broad photometric redshift probability distribution, such that z_phot+1sigma〉3. 81 sources are selected in the 0.5-2 keV band, 14 are selected in the 2-10 keV and 6 in the 0.5-10 keV bands. We sample the high luminosity (log L_(2-10 keV)〉44.15 erg/s) space density up to z~5 and a fainter luminosity range (43.5〈log L(2-10 keV)〈44.15 erg/s) than previous studies, up to z=3.5. We weighted the contribution to the number counts and the space density of the sources with photometric redshift by using their probability of being at z〉3. We find that the space density of high-luminosity AGNs declines exponentially at all the redshifts, confirming the trend observed for optically selected quasars. At lower luminosity, the measured space density is not conclusive, and a larger sample of faint sources is needed. Comparisons with optical luminosity functions and BH formation models are presented together with prospects for future surveys.</subfield>
            <subfield code="y">en</subfield>
            <subfield code="8">ARXIV</subfield>
         </datafield>
         <datafield tag="650" ind1="1" ind2="7">
            <subfield code="a">Astrophysics - Cosmology and Extragalactic Astrophysics</subfield>
            <subfield code="8">ARXIV</subfield>
         </datafield>
         <datafield tag="650" ind1="2" ind2="7">
            <subfield code="a">Astrophysics - High Energy Astrophysical Phenomena</subfield>
            <subfield code="8">ARXIV</subfield>
         </datafield>
         <datafield tag="695" ind1="" ind2="">
            <subfield code="a">Astrophysics - Cosmology and Extragalactic Astrophysics</subfield>
            <subfield code="b"/>
            <subfield code="9">arXiv</subfield>
            <subfield code="8">ARXIV</subfield>
         </datafield>
         <datafield tag="695" ind1="" ind2="">
            <subfield code="a">Astrophysics - High Energy Astrophysical Phenomena</subfield>
            <subfield code="b"/>
            <subfield code="9">arXiv</subfield>
            <subfield code="8">ARXIV</subfield>
         </datafield>
         <datafield tag="773" ind1="" ind2="">
            <subfield code="p"/>
            <subfield code="y">2011</subfield>
            <subfield code="z">eprint arXiv:1103.2570</subfield>
            <subfield code="8">ARXIV</subfield>
         </datafield>
         <datafield tag="961" ind1="" ind2="">
            <subfield code="c">2011-09-01T21:03:22</subfield>
            <subfield code="x">2011-09-01T21:03:22</subfield>
            <subfield code="8">ARXIV</subfield>
         </datafield>
      </record>
      <record>
         <datafield tag="970" ind1="" ind2="">
            <subfield code="a">2011ApJ...741...91C</subfield>
            <subfield code="8">ADS metadata</subfield>
         </datafield>
         <datafield tag="035" ind1="" ind2="">
            <subfield code="a">2011ApJ...741...91C</subfield>
            <subfield code="2">ADS bibcode</subfield>
            <subfield code="8">ADS metadata</subfield>
         </datafield>
         <datafield tag="980" ind1="" ind2="">
            <subfield code="a">EPRINT</subfield>
            <subfield code="8">ARXIV</subfield>
         </datafield>
         <datafield tag="980" ind1="" ind2="">
            <subfield code="a">OPENACCESS</subfield>
            <subfield code="8">ARXIV</subfield>
         </datafield>
         <datafield tag="995" ind1="" ind2="">
            <subfield code="a">{"abs":[{"p":"/proj/ads/abstracts/pre/text/X04/X04-34715.abs","t":"1314925402"}],"links":{"electr":[{"u":"http://stacks.iop.org/0004-637X/741/91"}],"preprint":[{"u":"1103.2570"}]},"prop":["arxiv_32"],"refs":[{"p":"/proj/ads/references/resolved/arXiv/1103/2570.raw.result","t":1329567108}]}</subfield>
            <subfield code="8">ARXIV</subfield>
         </datafield>
      </record>
      <record>
         <datafield tag="970" ind1="" ind2="">
            <subfield code="a">2011ApJ...741...91C</subfield>
            <subfield code="8">ADS metadata</subfield>
         </datafield>
         <datafield tag="035" ind1="" ind2="">
            <subfield code="a">2011ApJ...741...91C</subfield>
            <subfield code="2">ADS bibcode</subfield>
            <subfield code="8">ADS metadata</subfield>
         </datafield>
         <datafield tag="961" ind1="" ind2="">
            <subfield code="c">2012-02-18T07:11:48</subfield>
            <subfield code="x">2012-02-18T07:11:48</subfield>
            <subfield code="8">ARXIV</subfield>
         </datafield>
         <datafield tag="999" ind1="C" ind2="5">
            <subfield code="i">2011arXiv1105.0520A</subfield>
            <subfield code="r">arxiv: 1105.0520</subfield>
            <subfield code="e">1</subfield>
            <subfield code="f">ARXIV</subfield>
            <subfield code="b">Allevato, V., et al. 2011, arXiv:1105.0520</subfield>
            <subfield code="8">ARXIV</subfield>
         </datafield>
         <datafield tag="999" ind1="C" ind2="5">
            <subfield code="i">2010MNRAS.401.2531A</subfield>
            <subfield code="e">1</subfield>
            <subfield code="f">ARXIV</subfield>
            <subfield code="b">Aird, J., et al. 2010,, MNRAS, 401, 2531</subfield>
            <subfield code="8">ARXIV</subfield>
         </datafield>
         <datafield tag="999" ind1="C" ind2="5">
            <subfield code="i">1996ASPC..101...17A</subfield>
            <subfield code="e">1</subfield>
            <subfield code="f">ARXIV</subfield>
            <subfield code="b">Arnaud, K. A. 1996, Astronomical Data Analysis Software and Systems V, 101, 17</subfield>
            <subfield code="8">ARXIV</subfield>
         </datafield>
         <datafield tag="999" ind1="C" ind2="5">
            <subfield code="i">1980ApJ...235..694A</subfield>
            <subfield code="e">1</subfield>
            <subfield code="f">ARXIV</subfield>
            <subfield code="b">Avni, Y., &amp; Bahcall, J. N. 1980,, ApJ, 235, 694</subfield>
            <subfield code="8">ARXIV</subfield>
         </datafield>
         <datafield tag="999" ind1="C" ind2="5">
            <subfield code="i">2005AJ....129..578B</subfield>
            <subfield code="e">1</subfield>
            <subfield code="f">ARXIV</subfield>
            <subfield code="b">Barger, A. J., Cowie, L. L., Mushotzky, R. F., Yang, Y., Wang, W.-H., Steffen, A. T., &amp; Capak, P. 2005, AJ, 129, 578</subfield>
            <subfield code="8">ARXIV</subfield>
         </datafield>
         <datafield tag="999" ind1="C" ind2="5">
            <subfield code="i">2005ARA&amp;A..43..827B</subfield>
            <subfield code="e">1</subfield>
            <subfield code="f">ARXIV</subfield>
            <subfield code="b">Brandt, W. N., &amp; Hasinger, G. 2005, ARA&amp;A, 43, 827</subfield>
            <subfield code="8">ARXIV</subfield>
         </datafield>
         <datafield tag="999" ind1="C" ind2="5">
            <subfield code="i">2009ApJ...693....8B</subfield>
            <subfield code="e">1</subfield>
            <subfield code="f">ARXIV</subfield>
            <subfield code="b">Brusa, M., et al. 2009,, ApJ, 693, 8</subfield>
            <subfield code="8">ARXIV</subfield>
         </datafield>
         <datafield tag="999" ind1="C" ind2="5">
            <subfield code="i">2010arXiv1008.1914B</subfield>
            <subfield code="r">arxiv: 1008.1914</subfield>
            <subfield code="e">1</subfield>
            <subfield code="f">ARXIV</subfield>
            <subfield code="b">Brusa, M., Gilli, R., Civano, F., Comastri, A., Fiore, F., &amp; Vignali, C. 2010, arXiv:1008.1914</subfield>
            <subfield code="8">ARXIV</subfield>
         </datafield>
         <datafield tag="999" ind1="C" ind2="5">
            <subfield code="i">2010ApJ...716..348B</subfield>
            <subfield code="e">1</subfield>
            <subfield code="f">ARXIV</subfield>
            <subfield code="b">Brusa, M., et al. 2010,, ApJ, 716, 348</subfield>
            <subfield code="8">ARXIV</subfield>
         </datafield>
         <datafield tag="999" ind1="C" ind2="5">
            <subfield code="i">2011Natur.470..233C</subfield>
            <subfield code="e">1</subfield>
            <subfield code="f">ARXIV</subfield>
            <subfield code="b">Capak, P. L., et al. 2011,, Nature, 470, 233</subfield>
            <subfield code="8">ARXIV</subfield>
         </datafield>
         <datafield tag="999" ind1="C" ind2="5">
            <subfield code="i">2011A&amp;A...525A.143C</subfield>
            <subfield code="e">1</subfield>
            <subfield code="f">ARXIV</subfield>
            <subfield code="b">Cassata, P., et al. 2011, A&amp;A, 525, A143</subfield>
            <subfield code="8">ARXIV</subfield>
         </datafield>
         <datafield tag="999" ind1="C" ind2="5">
            <subfield code="i">2011A&amp;A...526L...9C</subfield>
            <subfield code="e">1</subfield>
            <subfield code="f">ARXIV</subfield>
            <subfield code="b">Comastri, A., et al. 2011, A&amp;A, 526, L9</subfield>
            <subfield code="8">ARXIV</subfield>
         </datafield>
         <datafield tag="999" ind1="C" ind2="5">
            <subfield code="i">2006MNRAS.365...11C</subfield>
            <subfield code="e">1</subfield>
            <subfield code="f">ARXIV</subfield>
            <subfield code="b">Croton, D. J., et al. 2006,, MNRAS, 365, 11</subfield>
            <subfield code="8">ARXIV</subfield>
         </datafield>
         <datafield tag="999" ind1="C" ind2="5">
            <subfield code="i">2009A&amp;A...493...55E</subfield>
            <subfield code="e">1</subfield>
            <subfield code="f">ARXIV</subfield>
            <subfield code="b">Ebrero, J., et al. 2009, A&amp;A, 493, 55</subfield>
            <subfield code="8">ARXIV</subfield>
         </datafield>
         <datafield tag="999" ind1="C" ind2="5">
            <subfield code="i">2009ApJS..184..158E</subfield>
            <subfield code="e">1</subfield>
            <subfield code="f">ARXIV</subfield>
            <subfield code="b">Elvis, M., et al. 2009,, ApJS, 184, 158</subfield>
            <subfield code="8">ARXIV</subfield>
         </datafield>
         <datafield tag="999" ind1="C" ind2="5">
            <subfield code="i">2001AJ....122.2833F</subfield>
            <subfield code="e">1</subfield>
            <subfield code="f">ARXIV</subfield>
            <subfield code="b">Fan, X., et al. 2001, AJ, 122, 2833</subfield>
            <subfield code="8">ARXIV</subfield>
         </datafield>
         <datafield tag="999" ind1="C" ind2="5">
            <subfield code="i">2010AIPC.1248..373F</subfield>
            <subfield code="e">1</subfield>
            <subfield code="f">ARXIV</subfield>
            <subfield code="b">Fiore, F. 2010, American Institute of Physics Conference Series, 1248, 373</subfield>
            <subfield code="8">ARXIV</subfield>
         </datafield>
         <datafield tag="999" ind1="C" ind2="5">
            <subfield code="i">2007A&amp;A...461...39F</subfield>
            <subfield code="e">1</subfield>
            <subfield code="f">ARXIV</subfield>
            <subfield code="b">Fontanot, F., Cristiani, S., Monaco, P., Nonino, M., Vanzella, E., Brandt, W. N., Grazian, A., &amp; Mao, J. 2007, A&amp;A, 461, 39</subfield>
            <subfield code="8">ARXIV</subfield>
         </datafield>
         <datafield tag="999" ind1="C" ind2="5">
            <subfield code="i">2010A&amp;A...523A..85G</subfield>
            <subfield code="e">1</subfield>
            <subfield code="f">ARXIV</subfield>
            <subfield code="b">Gallerani, S., et al. 2010, A&amp;A, 523, A85</subfield>
            <subfield code="8">ARXIV</subfield>
         </datafield>
         <datafield tag="999" ind1="C" ind2="5">
            <subfield code="i">2007A&amp;A...463...79G</subfield>
            <subfield code="e">1</subfield>
            <subfield code="f">ARXIV</subfield>
            <subfield code="b">Gilli, R., Comastri, A., &amp; Hasinger, G. 2007, A&amp;A, 463, 79</subfield>
            <subfield code="8">ARXIV</subfield>
         </datafield>
         <datafield tag="999" ind1="C" ind2="5">
            <subfield code="i">2010arXiv1010.6024G</subfield>
            <subfield code="r">arxiv: 1010.6024</subfield>
            <subfield code="e">1</subfield>
            <subfield code="f">ARXIV</subfield>
            <subfield code="b">Gilli, R., et al. 2010, arXiv:1010.6024</subfield>
            <subfield code="8">ARXIV</subfield>
         </datafield>
         <datafield tag="999" ind1="C" ind2="5">
            <subfield code="i">2011ApJ...730L..28G</subfield>
            <subfield code="e">1</subfield>
            <subfield code="f">ARXIV</subfield>
            <subfield code="b">Gilli, R., et al. 2011,, ApJ, 730, L28</subfield>
            <subfield code="8">ARXIV</subfield>
         </datafield>
         <datafield tag="999" ind1="C" ind2="5">
            <subfield code="i">2010ApJ...710.1498G</subfield>
            <subfield code="e">1</subfield>
            <subfield code="f">ARXIV</subfield>
            <subfield code="b">Glikman, E., Bogosavljevic, M., Djorgovski, S. G., Stern, D., Dey, A., Jannuzi, B. T., &amp; Mahabal, A. 2010,, ApJ, 710, 1498</subfield>
            <subfield code="8">ARXIV</subfield>
         </datafield>
         <datafield tag="999" ind1="C" ind2="5">
            <subfield code="i">2011ApJ...728L..26G</subfield>
            <subfield code="e">1</subfield>
            <subfield code="f">ARXIV</subfield>
            <subfield code="b">Glikman, E., Djorgovski, S. G., Stern, D., Dey, A., Jannuzi, B. T., &amp; Lee, K.-S. 2011,, ApJ, 728, L26</subfield>
            <subfield code="8">ARXIV</subfield>
         </datafield>
         <datafield tag="999" ind1="C" ind2="5">
            <subfield code="i">2001MNRAS.324..757G</subfield>
            <subfield code="e">1</subfield>
            <subfield code="f">ARXIV</subfield>
            <subfield code="b">Granato, G. L., Silva, L., Monaco, P., Panuzzo, P., Salucci, P., De Zotti, G., &amp; Danese, L. 2001,, MNRAS, 324, 757</subfield>
            <subfield code="8">ARXIV</subfield>
         </datafield>
         <datafield tag="999" ind1="C" ind2="5">
            <subfield code="i">2004ApJ...600..580G</subfield>
            <subfield code="e">1</subfield>
            <subfield code="f">ARXIV</subfield>
            <subfield code="b">Granato, G. L., De Zotti, G., Silva, L., Bressan, A., &amp; Danese, L. 2004,, ApJ, 600, 580</subfield>
            <subfield code="8">ARXIV</subfield>
         </datafield>
         <datafield tag="999" ind1="C" ind2="5">
            <subfield code="i">2005A&amp;A...441..417H</subfield>
            <subfield code="e">1</subfield>
            <subfield code="f">ARXIV</subfield>
            <subfield code="b">Hasinger, G., Miyaji, T., &amp; Schmidt, M. 2005, A&amp;A, 441, 417</subfield>
            <subfield code="8">ARXIV</subfield>
         </datafield>
         <datafield tag="999" ind1="C" ind2="5">
            <subfield code="i">2008A&amp;A...490..905H</subfield>
            <subfield code="e">1</subfield>
            <subfield code="f">ARXIV</subfield>
            <subfield code="b">Hasinger, G. 2008, A&amp;A, 490, 905</subfield>
            <subfield code="8">ARXIV</subfield>
         </datafield>
         <datafield tag="999" ind1="C" ind2="5">
            <subfield code="i">2006ApJS..163....1H</subfield>
            <subfield code="e">1</subfield>
            <subfield code="f">ARXIV</subfield>
            <subfield code="b">Hopkins, P. F., Hernquist, L., Cox, T. J., Di Matteo, T., Robertson, B., &amp; Springel, V. 2006,, ApJS, 163, 1</subfield>
            <subfield code="8">ARXIV</subfield>
         </datafield>
         <datafield tag="999" ind1="C" ind2="5">
            <subfield code="i">2011ApJ...728L..25I</subfield>
            <subfield code="e">1</subfield>
            <subfield code="f">ARXIV</subfield>
            <subfield code="b">Ikeda, H., et al. 2011,, ApJ, 728, L25</subfield>
            <subfield code="8">ARXIV</subfield>
         </datafield>
         <datafield tag="999" ind1="C" ind2="5">
            <subfield code="i">2006AJ....132.2127J</subfield>
            <subfield code="e">1</subfield>
            <subfield code="f">ARXIV</subfield>
            <subfield code="b">Jiang, L., et al. 2006, AJ, 132, 2127</subfield>
            <subfield code="8">ARXIV</subfield>
         </datafield>
         <datafield tag="999" ind1="C" ind2="5">
            <subfield code="i">2004ApJ...600L.123K</subfield>
            <subfield code="e">1</subfield>
            <subfield code="f">ARXIV</subfield>
            <subfield code="b">Koekemoer, A. M., et al. 2004,, ApJ, 600, L123</subfield>
            <subfield code="8">ARXIV</subfield>
         </datafield>
         <datafield tag="999" ind1="C" ind2="5">
            <subfield code="i">2006ApJ...650...42L</subfield>
            <subfield code="e">1</subfield>
            <subfield code="f">ARXIV</subfield>
            <subfield code="b">Lapi, A., Shankar, F., Mao, J., Granato, G. L., Silva, L., De Zotti, G., &amp; Danese, L. 2006,, ApJ, 650, 42</subfield>
            <subfield code="8">ARXIV</subfield>
         </datafield>
         <datafield tag="999" ind1="C" ind2="5">
            <subfield code="i">2007ApJS..172...70L</subfield>
            <subfield code="e">1</subfield>
            <subfield code="f">ARXIV</subfield>
            <subfield code="b">Lilly, S. J., et al. 2007,, ApJS, 172, 70</subfield>
            <subfield code="8">ARXIV</subfield>
         </datafield>
         <datafield tag="999" ind1="C" ind2="5">
            <subfield code="i">2009ApJS..184..218L</subfield>
            <subfield code="e">1</subfield>
            <subfield code="f">ARXIV</subfield>
            <subfield code="b">Lilly, S. J., et al. 2009,, ApJS, 184, 218</subfield>
            <subfield code="8">ARXIV</subfield>
         </datafield>
         <datafield tag="999" ind1="C" ind2="5">
            <subfield code="i">2010ApJS..187..560L</subfield>
            <subfield code="e">1</subfield>
            <subfield code="f">ARXIV</subfield>
            <subfield code="b">Luo, B., et al. 2010,, ApJS, 187, 560</subfield>
            <subfield code="8">ARXIV</subfield>
         </datafield>
         <datafield tag="999" ind1="C" ind2="5">
            <subfield code="i">1983ApJ...269...35M</subfield>
            <subfield code="e">1</subfield>
            <subfield code="f">ARXIV</subfield>
            <subfield code="b">Marshall, H. L., Tananbaum, H., Avni, Y., &amp; Zamorani, G. 1983,, ApJ, 269, 35</subfield>
            <subfield code="8">ARXIV</subfield>
         </datafield>
         <datafield tag="999" ind1="C" ind2="5">
            <subfield code="i">2008ApJ...686..219M</subfield>
            <subfield code="e">1</subfield>
            <subfield code="f">ARXIV</subfield>
            <subfield code="b">Menci, N., Fiore, F., Puccetti, S., &amp; Cavaliere, A. 2008,, ApJ, 686, 219</subfield>
            <subfield code="8">ARXIV</subfield>
         </datafield>
         <datafield tag="999" ind1="C" ind2="5">
            <subfield code="i">2007ApJS..172..523M</subfield>
            <subfield code="e">1</subfield>
            <subfield code="f">ARXIV</subfield>
            <subfield code="b">Murayama, T., et al. 2007,, ApJS, 172, 523</subfield>
            <subfield code="8">ARXIV</subfield>
         </datafield>
         <datafield tag="999" ind1="C" ind2="5">
            <subfield code="i">1994MNRAS.268..405N</subfield>
            <subfield code="e">1</subfield>
            <subfield code="f">ARXIV</subfield>
            <subfield code="b">Nandra, K., &amp; Pounds, K. A. 1994,, MNRAS, 268, 405</subfield>
            <subfield code="8">ARXIV</subfield>
         </datafield>
         <datafield tag="999" ind1="C" ind2="5">
            <subfield code="i">2002ApJ...571..218N</subfield>
            <subfield code="e">1</subfield>
            <subfield code="f">ARXIV</subfield>
            <subfield code="b">Norman, C., et al. 2002,, ApJ, 571, 218</subfield>
            <subfield code="8">ARXIV</subfield>
         </datafield>
         <datafield tag="999" ind1="C" ind2="5">
            <subfield code="i">2009ApJS..185..586P</subfield>
            <subfield code="e">1</subfield>
            <subfield code="f">ARXIV</subfield>
            <subfield code="b">Puccetti, S., et al. 2009,, ApJS, 185, 586</subfield>
            <subfield code="8">ARXIV</subfield>
         </datafield>
         <datafield tag="999" ind1="C" ind2="5">
            <subfield code="i">2006AJ....131.2766R</subfield>
            <subfield code="e">1</subfield>
            <subfield code="f">ARXIV</subfield>
            <subfield code="b">Richards, G. T., et al. 2006, AJ, 131, 2766</subfield>
            <subfield code="8">ARXIV</subfield>
         </datafield>
         <datafield tag="999" ind1="C" ind2="5">
            <subfield code="i">2010arXiv1010.6252R</subfield>
            <subfield code="r">arxiv: 1010.6252</subfield>
            <subfield code="e">1</subfield>
            <subfield code="f">ARXIV</subfield>
            <subfield code="b">Rosati, P., et al. 2010, arXiv:1010.6252</subfield>
            <subfield code="8">ARXIV</subfield>
         </datafield>
         <datafield tag="999" ind1="C" ind2="5">
            <subfield code="i">2009ApJ...690.1250S</subfield>
            <subfield code="e">1</subfield>
            <subfield code="f">ARXIV</subfield>
            <subfield code="b">Salvato, M., et al. 2009,, ApJ, 690, 1250</subfield>
            <subfield code="8">ARXIV</subfield>
         </datafield>
         <datafield tag="999" ind1="C" ind2="5">
            <subfield code="i">1995AJ....110...68S</subfield>
            <subfield code="e">1</subfield>
            <subfield code="f">ARXIV</subfield>
            <subfield code="b">Schmidt, M., Schneider, D. P., &amp; Gunn, J. E. 1995, AJ, 110, 68</subfield>
            <subfield code="8">ARXIV</subfield>
         </datafield>
         <datafield tag="999" ind1="C" ind2="5">
            <subfield code="i">2009NewAR..53...57S</subfield>
            <subfield code="e">1</subfield>
            <subfield code="f">ARXIV</subfield>
            <subfield code="b">Shankar, F. 2009, New Astronomy Reviews, 53, 57</subfield>
            <subfield code="8">ARXIV</subfield>
         </datafield>
         <datafield tag="999" ind1="C" ind2="5">
            <subfield code="i">2010IAUS..267..248S</subfield>
            <subfield code="e">1</subfield>
            <subfield code="f">ARXIV</subfield>
            <subfield code="b">Shankar, F. 2010, IAU Symposium, 267, 248</subfield>
            <subfield code="8">ARXIV</subfield>
         </datafield>
         <datafield tag="999" ind1="C" ind2="5">
            <subfield code="i">2010ApJ...718..231S</subfield>
            <subfield code="e">1</subfield>
            <subfield code="f">ARXIV</subfield>
            <subfield code="b">Shankar, F., Crocce, M., Miralda-Escude, J., Fosalba, P., &amp; Weinberg, D. H. 2010,, ApJ, 718, 231</subfield>
            <subfield code="8">ARXIV</subfield>
         </datafield>
         <datafield tag="999" ind1="C" ind2="5">
            <subfield code="i">2003ApJ...588...65S</subfield>
            <subfield code="e">1</subfield>
            <subfield code="f">ARXIV</subfield>
            <subfield code="b">Shapley, A. E., Steidel, C. C., Pettini, M., &amp; Adelberger, K. L. 2003,, ApJ, 588, 65</subfield>
            <subfield code="8">ARXIV</subfield>
         </datafield>
         <datafield tag="999" ind1="C" ind2="5">
            <subfield code="i">2009ApJ...704...89S</subfield>
            <subfield code="e">1</subfield>
            <subfield code="f">ARXIV</subfield>
            <subfield code="b">Shen, Y. 2009,, ApJ, 704, 89</subfield>
            <subfield code="8">ARXIV</subfield>
         </datafield>
         <datafield tag="999" ind1="C" ind2="5">
            <subfield code="i">2005ApJ...624..630S</subfield>
            <subfield code="e">1</subfield>
            <subfield code="f">ARXIV</subfield>
            <subfield code="b">Silverman, J. D., et al. 2005,, ApJ, 624, 630</subfield>
            <subfield code="8">ARXIV</subfield>
         </datafield>
         <datafield tag="999" ind1="C" ind2="5">
            <subfield code="i">2008ApJ...679..118S</subfield>
            <subfield code="e">1</subfield>
            <subfield code="f">ARXIV</subfield>
            <subfield code="b">Silverman, J. D., et al. 2008,, ApJ, 679, 118</subfield>
            <subfield code="8">ARXIV</subfield>
         </datafield>
         <datafield tag="999" ind1="C" ind2="5">
            <subfield code="i">2010ApJS..191..124S</subfield>
            <subfield code="e">1</subfield>
            <subfield code="f">ARXIV</subfield>
            <subfield code="b">Silverman, J. D., et al. 2010,, ApJS, 191, 124</subfield>
            <subfield code="8">ARXIV</subfield>
         </datafield>
         <datafield tag="999" ind1="C" ind2="5">
            <subfield code="i">2004AJ....128.1483S</subfield>
            <subfield code="e">1</subfield>
            <subfield code="f">ARXIV</subfield>
            <subfield code="b">Steffen, A. T., Barger, A. J., Capak, P., Cowie, L. L., Mushotzky, R. F., &amp; Yang, Y. 2004, AJ, 128, 1483</subfield>
            <subfield code="8">ARXIV</subfield>
         </datafield>
         <datafield tag="999" ind1="C" ind2="5">
            <subfield code="i">2007ApJS..172..383T</subfield>
            <subfield code="e">1</subfield>
            <subfield code="f">ARXIV</subfield>
            <subfield code="b">Trump, J. R., et al. 2007,, ApJS, 172, 383</subfield>
            <subfield code="8">ARXIV</subfield>
         </datafield>
         <datafield tag="999" ind1="C" ind2="5">
            <subfield code="i">2009ApJ...696.1195T</subfield>
            <subfield code="e">1</subfield>
            <subfield code="f">ARXIV</subfield>
            <subfield code="b">Trump, J. R., et al. 2009,, ApJ, 696, 1195</subfield>
            <subfield code="8">ARXIV</subfield>
         </datafield>
         <datafield tag="999" ind1="C" ind2="5">
            <subfield code="i">2009ApJ...698..380Y</subfield>
            <subfield code="e">1</subfield>
            <subfield code="f">ARXIV</subfield>
            <subfield code="b">Yencho, B., Barger, A. J., Trouille, L., &amp; Winter, L. M. 2009,, ApJ, 698, 380</subfield>
            <subfield code="8">ARXIV</subfield>
         </datafield>
         <datafield tag="999" ind1="C" ind2="5">
            <subfield code="i">2010ApJ...708.1388Y</subfield>
            <subfield code="e">1</subfield>
            <subfield code="f">ARXIV</subfield>
            <subfield code="b">Young, M., Elvis, M., &amp; Risaliti, G. 2010,, ApJ, 708, 1388</subfield>
            <subfield code="8">ARXIV</subfield>
         </datafield>
         <datafield tag="999" ind1="C" ind2="5">
            <subfield code="i">2003ApJ...587L..15W</subfield>
            <subfield code="e">1</subfield>
            <subfield code="f">ARXIV</subfield>
            <subfield code="b">Willott, C. J., McLure, R. J., &amp; Jarvis, M. J. 2003,, ApJ, 587, L15</subfield>
            <subfield code="8">ARXIV</subfield>
         </datafield>
         <datafield tag="999" ind1="C" ind2="5">
            <subfield code="i">2003ApJ...595..614W</subfield>
            <subfield code="e">1</subfield>
            <subfield code="f">ARXIV</subfield>
            <subfield code="b">Wyithe, J. S. B., &amp; Loeb, A. 2003,, ApJ, 595, 614</subfield>
            <subfield code="8">ARXIV</subfield>
         </datafield>
         <datafield tag="999" ind1="C" ind2="5">
            <subfield code="i">2011ApJS..195...10X</subfield>
            <subfield code="e">1</subfield>
            <subfield code="f">ARXIV</subfield>
            <subfield code="b">Xue, Y. Q., et al. 2011,, ApJS, 195, 10</subfield>
            <subfield code="8">ARXIV</subfield>
         </datafield>
      </record>
      <record>
         <datafield tag="970" ind1="" ind2="">
            <subfield code="a">2011ApJ...741...91C</subfield>
            <subfield code="8">ADS metadata</subfield>
         </datafield>
         <datafield tag="035" ind1="" ind2="">
            <subfield code="a">2011ApJ...741...91C</subfield>
            <subfield code="2">ADS bibcode</subfield>
            <subfield code="8">ADS metadata</subfield>
         </datafield>
         <datafield tag="035" ind1="" ind2="">
            <subfield code="a">arXiv:1103.2570</subfield>
            <subfield code="2">arXiv</subfield>
            <subfield code="8">ARXIV</subfield>
         </datafield>
         <datafield tag="856" ind1="4" ind2="">
            <subfield code="u">http://stacks.iop.org/0004-637X/741/91</subfield>
            <subfield code="y">electr</subfield>
            <subfield code="8">ARXIV</subfield>
         </datafield>
         <datafield tag="856" ind1="4" ind2="">
            <subfield code="u">http://adsabs.harvard.edu/abs/2011arXiv1103.2570C</subfield>
            <subfield code="y">ADSlink</subfield>
            <subfield code="8">ARXIV</subfield>
         </datafield>
      </record>
   </collection>
</collections>